2216 3100
371 184 451 226 235

703 168 1094 226 ANTJQUJ‘J.
1140 164 1351 209 MEDJJ
1393 165 1570 208 Arm

1794 176 1878 223 236

309 242 335 263 r:
330 227 376 270 7,t
407 243 447 264 an
478 226 630 276 praecipi
619 226 678 264 Itis
703 227 836 273 Iudicis
862 241 981 264 notam
1011 227 1066 263 in·
1106 227 1138 262 A
1177 224 1291 273 operis
1319 226 1412 261 mole
1439 225 1480 261 ad
1509 225 1577 262 alia
1605 224 1705 262 solici
1695 234 1803 262 'tatus
1831 238 1935 275 atque

307 292 442 314 currere
470 279 599 326 posset
628 291 692 326 qua
679 280 766 314 ndo
794 278 930 315 Codice
958 278 1065 314 MS‘so

306 330 455 366 minime
490 329 647 378 inspefi'co
687 329 748 365 fibi
790 334 831 366 de
872 344 907 366 re
943 330 1064 378 ignota

305 379 483 416 ferendum
521 390 596 416 erat
632 381 825 430 judicium.
859 383 975 429 Atqui
1012 394 1063 416 er—

304 431 441 468 roribus
468 432 619 467 abundat
650 429 867 476 Rhythmus.
894 433 975 467 Non
1005 432 1055 466 ab·

304 495 396 517 nuo:
424 482 478 518 sed
507 483 589 530 quid
617 482 696 517 inde
722 482 810 528 apud
836 493 975 517 cautum
1004 483 1056 525 Ju-

304 533 418 568 dicem
447 531 693 580 consequitur?
733 534 815 568 Non
845 533 980 567 minora
1009 532 1055 568 vi-

303 583 355 619 tia
382 585 419 619 in
444 583 708 619 Mabilloniano
736 583 918 629 R'nythmo
941 596 1060 618 occur-

304 643 408 683 runt3
446 634 757 680 incomparabilem
797 644 913 669 tamen
947 634 1061 669 virum

304 694 397 720 certe
424 697 528 720 nemo
560 693 684 733 neget,
713 684 877 732 antiquae
915 684 1056 732 scriptu-

303 748 360 771 rae
387 734 653 784 peritissimum.
680 737 753 779 At,
781 737 909 784 regerit
936 735 1059 771 Maffe—

303 786 379 834 jus,
411 787 660 833 pauciſjimomm
695 799 776 819 nunc
811 787 852 827 est
888 787 1063 830 intelligere

302 849 442 871 veterum
478 835 698 869 cbarchres:
738 848 825 881 quos
861 835 924 871 ille
960 836 1063 871 antico

302 887 417 927 corfino
441 886 613 933 appellat.
639 885 701 920 Sed
727 885 809 931 quid
837 884 857 919 fi
884 886 976 920 inter
1000 887 1061 920 ho-

302 937 356 972 sce
396 934 615 984 pauciffimos
659 936 755 970 locus
797 934 932 982 Campe
919 936 1062 983 ‘ignolae

302 986 364 1035 ipsi
392 988 566 1036 negandus
595 999 664 1021 non
694 985 796 1020 esset?
823 986 990 1021 Liberum
1018 985 1063 1020 est

301 1051 415 1078 nunc,
453 1048 492 1073 ut
528 1045 635 1084 puto,
669 1036 817 1083 Maffejo
853 1035 914 1083 ipsi
944 1035 1062 1084 (quod

301 1088 390 1124 olim
420 1101 489 1123 non
526 1087 656 1136 licuit)
686 1086 744 1122 sub
781 1087 902 1122 oculos
938 1087 1062 1122 habere

300 1139 460 1174 eumdem
486 1137 685 1181 Codicem
711 1151 780 1186 qua
806 1148 901 1187 parte
926 1131 1138 1183 myth-C

300 1203 397 1226 mum
440 1203 458 1225 a
501 1202 555 1224 me
600 1188 736 1224 editum
787 1188 1061 1235 compleEiitur.

300 1242 394 1276 Tum
419 1239 621 1289 prudentius
646 1238 839 1296 judicabit,
860 1238 1060 1274 tribuenda-

299 1305 344 1327 ne
371 1291 437 1326 sint
462 1289 704 1338 antiquissimo
731 1291 776 1325 Li
783 1289 918 1328 braido,
940 1302 981 1323 ne
1008 1288 1060 1324 di-

300 1355 375 1377 cam
408 1340 580 1387 Rhychmi
606 1340 708 1388 ipsius
737 1339 912 1382 Aufiiori,
939 1352 982 1374 an
1009 1338 1060 1374 so-

299 1391 486 1428 lertissimo
536 1391 826 1439 Campagnoiae,
869 1403 956 1437 quae
1002 1398 1062 1425 aut

300 1454 484 1491 corrupta,
500 1453 559 1478 aut
576 1442 718 1477 obscura
739 1442 775 1476 in
797 1440 904 1476 hocce
923 1439 1060 1485 Rhyth-

298 1506 360 1529 mo
402 1494 513 1529 adhuc
549 1491 878 1540 deprehenduntur.
914 1492 960 1525 Et
997 1503 1062 1538 ego

298 1545 521 1590 Rhythmurn
560 1542 719 1577 eumdem
759 1540 975 1578 exafiiiffime
1002 1541 1059 1576 de-

299 1594 542 1636 scribendum,
572 1593 766 1639 iisdemque
804 1592 918 1638 plane,
942 1591 1058 1626 chara-

299 1645 432 1681 &erum
471 1644 593 1679 formis
635 1656 677 1679 ex
716 1644 823 1678 MSto
858 1641 1059 1690 exprimen-

297 1698 381 1732 dum
420 1695 564 1738 curavi,
594 1694 646 1730 ita
683 1703 721 1729 ut
760 1693 909 1742 propriis
949 1692 1060 1728 veluti

298 1747 412 1782 oculis
452 1745 626 1782 Codicem
668 1743 780 1791 ipsum
818 1743 1057 1789 inspexerim:

299 1811 338 1833 ac
365 1809 469 1832 manu
493 1795 598 1843 tetigi
623 1794 714 1830 nihil
739 1795 782 1829 ab
809 1793 959 1841 ejusdem
986 1796 1056 1829 Co-

298 1847 387 1883 dicis
415 1846 483 1882 fide
511 1845 710 1891 discrepasse
737 1845 938 1888 exemplum
968 1843 1057 1879 olim

297 1898 340 1933 ad
368 1911 424 1933 me
452 1896 589 1932 missum
620 1896 661 1929 ab
699 1894 956 1930 accuratissimo
984 1894 1059 1943 ipso

297 1948 567 1996 Campagnoia.
606 1945 790 1993 Quidquid
828 1946 864 1981 in
902 1945 1059 1981 editione

298 2011 317 2035 a
346 2013 401 2034 me
429 1997 519 2033 fafia
555 1996 692 2032 diffidet
720 2010 738 2031 a
766 1996 900 2032 Codice
928 1997 1056 2032 immu-

296 2054 434 2089 tatum,
458 2050 726 2084 emendatumve
751 2061 769 2082 a
796 2060 850 2082 me
874 2060 943 2082 uno
971 2046 1058 2082 fuit.

297 2101 506 2148 Indulgetur
541 2098 634 2134 enim
671 2098 735 2145 (id
773 2108 917 2141 repeto,
955 2107 1058 2145 atque

299 2152 336 2188 id
364 2152 471 2196 etiam
510 2149 678 2198 praecipit
715 2148 934 2184 Clarissimus
963 2149 1054 2183 Maf-

299 2203 412 2251 sejus)
434 2200 640 2236 describenti
668 2209 824 2234 veterum
850 2212 1050 2234 monumen

298 2263 335 2290 ta
363 2267 380 2289 e
416 2252 610 2287 Codicibus
644 2250 816 2297 (quorum
855 2249 956 2298 pauci
993 2248 1056 2285 Li·

300 2303 495 2340 brai-iorum
523 2301 696 2337 erroribus
730 2302 874 2348 carent)
904 2301 1058 2345 patentia

299 2355 381 2391 inde
418 2353 542 2389 tollere
570 2352 724 2392 menda,
751 2365 790 2387 ea
826 2361 942 2386 tamen
982 2361 1053 2386 tan-

299 2407 400 2448 tum,
427 2417 515 2452 quae
550 2402 642 2439 reae
675 2403 847 2451 conjicere
885 2402 1057 2452 possumus

300 2469 343 2491 ex
380 2454 652 2491 Amanuensium
695 2452 883 2489 oscitantia
925 2449 1050 2501 proces-

300 2506 390 2543 sisse.
413 2507 608 2554 Reliquum
637 2517 702 2553 ego
736 2503 876 2550 dimisi,
905 2503 1058 2553 ingentis

1100 1171 1147 1618 f

1115 2041 1127 2049 ⁷*
1169 2044 1310 2085 zionario
1319 2057 1335 2077 .·

1176 276 1353 312 intentus.
1383 278 1506 324 Neque
1534 279 1617 312 vero
1657 277 1787 325 majora
1814 281 1938 314 audere

1177 327 1226 362 fas
1249 327 1413 376 putassem
1436 327 1556 363 insciis
1576 328 1788 364 Le&oribus
1805 355 1814 364 .
1834 331 1938 365 Nunc

1177 378 1282 413 etiam
1315 378 1579 422 animadverto,
1607 379 1698 415 nihil
1737 393 1824 427 opus
1853 379 1938 415 fuis-

1178 428 1232 471 se,
1260 428 1406 464 scribere
1433 429 1558 475 quaestu
1585 442 1648 477 pro
1675 433 1860 477 quaelium;
1881 430 1935 466 sed

1176 480 1267 515 ultra
1295 492 1365 514 non
1404 488 1526 523 vacat,
1555 480 1692 515 levibus
1729 480 1821 517 hisce
1849 495 1935 517 con-

1176 529 1350 566 troversiis
1379 529 1434 564 seu
1463 530 1562 565 tricis
1588 529 1754 566 infistere.

1229 580 1352 616 Unum
1371 581 1619 616 tantummodo
1634 581 1797 629 adjiciam
1812 608 1822 624 ,
1838 594 1936 616 nem-

1177 644 1217 679 pe
1245 634 1323 680 cogi
1352 645 1414 667 nos
1443 632 1598 671 credere,
1625 631 1778 667 amicum
1808 632 1934 667 Maffe-

1176 683 1247 729 jum
1276 683 1412 731 ingenti
1455 683 1632 732 prurigine
1659 682 1833 718 censoriae
1861 683 1933 718 vir·

1174 746 1236 780 gae
1263 733 1503 778 adhibendae,
1531 746 1638 781 quum
1667 733 1752 769 haec
1779 732 1932 781 scripsit,

1174 783 1346 832 agitatum
1383 783 1503 820 fuisse.
1546 787 1669 832 Neque
1705 783 1800 819 enim
1841 783 1934 820 hisce

1174 843 1380 874 contentum
1417 836 1450 869 8<
1487 844 1585 870 extra
1622 835 1781 870 semitam
1817 848 1933 882 prore-

1175 892 1280 931 ptus,
1319 884 1445 919 invafit
1471 887 1577 920 etiam
1617 885 1795 920 frustulum
1826 888 1932 920 Vitae

1173 933 1291 968 Sansti
1319 934 1525 969 Geminiani
1553 935 1717 982 Episcopi
1747 935 1934 971 Mutinen-

1172 982 1233 1022 fis,
1261 995 1365 1030 quam
1394 996 1437 1018 ex
1465 984 1576 1018 altero
1606 983 1790 1018 Veronensi
1821 986 1932 1020 Codi-

1173 1046 1212 1068 ce
1239 1041 1439 1081 excerptam
1471 1033 1601 1082 protuli
1640 1034 1675 1069 in
1704 1033 1822 1069 eadem
1854 1036 1935 1070 Par-

1173 1093 1208 1119 te
1239 1085 1283 1119 11.
1313 1084 1423 1120 Tomi
1452 1086 1498 1120 11.
1530 1087 1606 1120 Rer.
1636 1085 1861 1126 Italicarum,
1898 1098 1936 1121 e-

1173 1135 1225 1182 jus
1254 1134 1445 1170 Auaorem
1476 1136 1685 1178 arbitratus,
1712 1136 1830 1170 circiter
1854 1139 1934 1171 An-

1171 1198 1245 1218 num
1272 1184 1390 1226 christi
1416 1188 1605 1220 DCCCCX.
1636 1185 1806 1220 floruisse.
1834 1185 1932 1221 Mihi

1172 1234 1328 1280 ρτοῖεὲὶὸ
1370 1234 1392 1269 si
1437 1236 1554 1270 eadem
1594 1236 1708 1271 libido
1743 1235 1932 1281 insideret,

1170 1284 1263 1333 fique
1292 1298 1351 1332 par
1378 1285 1452 1333 pari
1479 1286 1619 1322 reddere
1647 1287 1784 1321 animus
1812 1285 1930 1331 foret,

1170 1349 1239 1371 non
1269 1336 1440 1380 deessent,
1477 1350 1565 1384 quae
1602 1337 1638 1372 in
1677 1337 1771 1373 cens
1770 1337 1840 1372 oris
1868 1337 1932 1373 do-

1170 1386 1313 1422 &iffimi
1341 1386 1462 1421 Libris
1490 1387 1648 1443 aequiori
1677 1387 1836 1423 censurae
1873 1401 1933 1435 pa-

1170 1444 1303 1471 terent.
1332 1437 1464 1470 Verum
1493 1435 1675 1471 amicitiae
1702 1437 1794 1485 leges
1823 1436 1932 1473 mini-

1171 1499 1225 1521 me
1253 1486 1411 1529 oblitus,
1439 1487 1565 1533 clypeo
1592 1487 1752 1526 tantum,
1781 1500 1849 1522 non
1871 1500 1933 1523 en-

1170 1536 1202 1572 se
1230 1536 1307 1572 heic
1336 1546 1432 1572 utar.
1462 1536 1526 1572 lile
1554 1550 1636 1585 ergo
1664 1537 1811 1577 scribit,
1840 1537 1932 1587 frag-

1143 1595 1326 1622 mentum
1344 1599 1453 1635 nuper
1473 1596 1704 1622 memoratum
1723 1588 1828 1622 Vitae
1845 1589 1930 1624 San-

1169 1638 1218 1674 &i
1246 1637 1452 1674 Geminiani
1480 1637 1674 1673 desumtum
1704 1637 1802 1674 fuiffe
1830 1651 1847 1674 e
1868 1642 1930 1674 Le-

1169 1689 1320 1724 tflionario
1346 1688 1465 1723 circiter
1490 1689 1654 1722 Saeculum
1682 1691 1768 1724 XIV.
1792 1689 1930 1734 scripto.

1170 1742 1222 1776 Ut
1250 1740 1366 1775 lubett
1396 1738 1542 1774 rariores
1569 1738 1675 1774 etiarn
1699 1752 1853 1786 gemmas
1874 1740 1930 1775 in-

1169 1790 1305 1826 terdum
1349 1789 1528 1826 servarunt
1564 1790 1665 1825 nobis
1703 1789 1818 1825 Seculi
1855 1791 1928 1838 ejus

1169 1841 1344 1886 Codices,
1381 1840 1549 1876 videlicet
1584 1838 1622 1876 δ(
1660 1839 1721 1887 ipsi
1758 1841 1800 1875 ab
1836 1841 1930 1877 anti-

1169 1892 1351 1940 quioribus
1379 1890 1564 1940 descripti.
1592 1889 1726 1926 Addit:
1757 1894 1834 1925 Poto
1860 1905 1930 1925 con-

1168 1942 1259 1990 10,fi
1293 1946 1355 1989 pub
1387 1943 1500 1986 farne,
1536 1952 1652 1976 mentre
1688 1941 1931 1988 interpolazioni

1169 1994 1260 2027 molto
1298 1994 1394 2028 inette
1429 1994 1534 2028 banno
1568 1994 1597 2027 le
1635 1993 1705 2026 Vite
1731 1993 1764 2026 in
1791 1992 1839 2025 tal
1865 1995 1927 2026 Le·

1369 2058 1385 2079 e
1419 2046 1478 2079 cori
1513 2055 1564 2079 tra
1600 2043 1713 2078 l’altre
1751 2042 1856 2089 quella
1890 2041 1927 2075 di

1167 2098 1234 2129 San
1270 2097 1421 2130 Zenone.
1467 2094 1572 2140 Quod
1609 2094 1647 2129 in
1686 2092 1771 2129 Vita
1807 2091 1925 2127 sancii

1168 2145 1319 2180 Zenonis
1367 2144 1661 2191 interpolationes
1707 2152 1891 2179 occurrant
1914 2169 1924 2186 ‚

1167 2195 1332 2230 deducere
1360 2195 1474 2234 velle,
1504 2193 1656 2241 reliquas
1683 2193 1789 2228 etiam
1821 2194 1924 2228 Vitas

1166 2245 1311 2282 Codic1s
1347 2244 1445 2280 illius
1481 2242 1816 2292 interpolationibus
1852 2243 1925 2278 sca-

1165 2306 1258 2341 tere,
1287 2308 1356 2331 non
1386 2295 1602 2344 probabunt,
1631 2303 1670 2329 ut
1697 2303 1804 2342 puto,
1834 2296 1924 2329 Eru-

1165 2347 1252 2384 diti.
1281 2347 1385 2393 Quod
1415 2346 1490 2393 plus
1518 2345 1584 2386 est,
1612 2345 1743 2380 nullam
1768 2344 1804 2380 in
1826 2357 1923 2393 prae-

1167 2400 1304 2434 laudata
1335 2400 1367 2434 S.
1405 2396 1611 2432 Geminiani
1640 2397 1725 2431 Vita
1763 2397 1924 2443 interpo-

1167 2449 1337 2485 lationem
1383 2447 1567 2495 quisquam
1613 2446 1800 2482 ostendet.
1849 2448 1924 2481 Cur

1167 2513 1260 2549 ergo
1276 2500 1360 2536 haec
1387 2497 1579 2548 Maffejus?
1619 2497 1738 2547 Pergit
1762 2497 1852 2583 gie:
1882 2494 1923 2532 L’

1803 2558 1872 2581 mer
