2216 3100
249 241 331 282 273

553 220 741 264 DISSER
748 220 919 262 TA‘IJO
952 213 1442 278 QUADRAGESJMAE

1663 230 1750 272 ²74

192 285 308 320 bertus
349 290 428 319 ante
468 279 730 317 Adelmannum
767 278 945 314 elucubra-
984 285 1020 315 A
1052 273 1220 310 Versuum
1247 271 1538 311 consonantium,
1557 281 1596 309 ut
1619 287 1718 323 pauo
1742 286 1807 309 nu-

189 336 264 371 vit.
286 335 443 370 Similem
469 329 685 376 Rhythmum
709 329 849 364 circiter
869 332 945 363 An-

191 398 273 420 num
315 382 443 419 Christi
482 382 678 417 MLxxv.
719 379 947 427 Landulphus

191 435 312 471 Senior
339 431 533 469 Historicus
562 429 834 466 Mediolanenfis
868 442 943 477 pro-

190 485 287 520 cudit
313 484 351 519 in
388 482 457 517 fine
485 482 587 517 Libri
628 483 736 516 Primi
774 479 947 515 Historiae

190 548 209 570 a
236 547 290 569 me
316 533 430 570 editae
455 534 574 568 Tomo
603 533 665 566 IV..
693 533 770 566 Rer.
797 531 948 565 Italicar.

189 584 324 633 Accipe
353 585 503 633 priorem
531 582 725 630 stropham:

232 660 315 706 Jesu
350 659 491 703 Christe,
524 658 671 704 splendor
707 656 837 701 Patris,
870 655 949 699 via,

288 712 430 752 veritas,
459 710 500 743 δ’
527 709 600 743 vita

240 761 384 795 Omnium
428 763 618 804 Redemptor
654 758 734 804 pie,
775 757 948 793 cumffffotum

288 811 453 858 aequitas,

242 862 427 906 Universos,
457 860 512 908 qm·
548 870 577 895 te
614 869 789 908 quaerunt,
818 869 874 895 tua
903 872 948 893 re-

286 913 352 960 plet
378 913 528 948 Caritas.

189 989 231 1023 In
260 987 374 1035 primo
401 986 496 1022 versu
523 986 707 1034 legendum
735 985 779 1020 est
804 985 878 1020 vim
904 984 949 1022 «ἴθ’

188 1038 329 1073 veritas.
367 1038 498 1072 Eodem
538 1046 650 1072 metro
687 1037 793 1071 ceteri
833 1048 944 1083 proce—

192 1088 303 1123 dunt.
331 1088 393 1123 Sed
421 1088 453 1122 8<
483 1087 575 1123 idem
605 1086 835 1135 Landulphus
870 1085 951 1121 Lib.

192 1150 225 1174 2.
245 1140 331 1185 Cap.
358 1138 411 1174 16.
433 1137 536 1173 refert
556 1138 778 1178 Cantilenam,
800 1137 865 1170 hoc
886 1135 951 1178 est,

191 1188 409 1233 Rhythmum
424 1214 434 1230 ‚
453 1188 545 1232 super
563 1187 681 1228 statum
707 1187 807 1230 Regis
830 1187 949 1219 Albav—

189 1239 237 1279 τί,
275 1238 314 1271 in
355 1250 425 1283 quo
467 1235 691 1270 describendo
734 1247 804 1269 non
848 1233 951 1268 semel

189 1288 349 1334 peccavit
373 1286 538 1332 antiquus
565 1285 765 1321 Librarius.
791 1284 863 1319 Vix
889 1283 950 1318 du—

189 1336 289 1376 bito,
317 1336 402 1383 quin
431 1335 602 1385 ejusmodi
640 1333 838 1379 Rhythmus
867 1347 946 1369 con-

188 1387 297 1423 feRus
326 1387 452 1426 fuerit,
476 1400 545 1434 quo
574 1395 731 1432 tempore
758 1399 800 1421 ex
830 1387 950 1434 Regno

189 1438 314 1472 Italiae
342 1437 477 1472 excidit
507 1438 716 1471 Adelbertus
747 1434 947 1484 Berengarii

191 1489 236 1522 11.
266 1486 359 1522 filius
399 1486 520 1522 Italiae
559 1488 656 1529 Rex,
693 1485 776 1521 idest
813 1485 953 1521 circiter

191 1541 336 1573 Annum
370 1538 653 1573 DCCCCLXH.
682 1538 759 1572 Hos
788 1535 840 1571 ibi
875 1535 947 1571 ani—

191 1588 368 1623 madverte
396 1586 542 1629 Versus,
570 1587 607 1622 in
631 1587 702 1634 ejus
730 1596 949 1622 contemtum

189 1651 286 1673 more
315 1647 470 1674 veterum
502 1639 739 1673 Romanorum
771 1636 946 1673 Mediola-

190 1689 228 1725 ni
255 1688 467 1724 cantitatos:

315 1768 382 1809 Te,
409 1765 565 1804 Albene,
590 1764 674 1799 decet
701 1776 827 1809 nemus,

315 1817 363 1849 Et
388 1819 531 1849 Ononcm
558 1825 662 1849 manet
688 1816 798 1851 decus.

317 1868 379 1899 Pro
405 1865 538 1909 infamia
565 1865 724 1910 Walperu’

317 1917 364 1948 Tc
390 1918 474 1949 decet
499 1915 575 1961 alga
603 1915 732 1961 Regni.

316 1967 379 1999 Pro
406 1965 535 2012 RegIna
562 1979 641 2000 nunc
669 1965 789 2001 Latina

318 2018 408 2049 Utere
432 2015 501 2059 jam
528 2029 608 2050 nunc
633 2016 777 2052 marina.

316 2068 379 2099 Pro
405 2067 527 2112 Regali
548 2067 664 2112 sceptro
690 2066 788 2108 nostro

316 2117 434 2150 Fruere
456 2117 527 2162 jam
553 2116 649 2151 navis
676 2116 767 2159 rostro
794 2115 867 2155 ἄγε.

189 2190 401 2238 Landulpho
451 2191 664 2238 synchronus
714 2190 782 2227 fuit
832 2193 948 2227 Benzo

191 2241 532 2289 Pseudo—Episcopus
563 2240 743 2284 Albenfis‚
764 2242 824 2288 qui
852 2255 940 2291 prae·

191 2291 291 2340 cipue
327 2292 418 2329 hisce
457 2292 646 2339 Rhythmis
682 2292 872 2328 delestatus
903 2292 948 2327 est

192 2341 230 2377 in
259 2343 433 2379 lutulento
463 2344 677 2392 Panegyrico
707 2343 854 2379 Henrici
885 2345 947 2380 IV.

193 2393 399 2429 Germaniae
426 2394 552 2442 Regis,
577 2396 696 2430 Tomo
723 2395 836 2442 primo
856 2394 943 2430 Seri-

194 2451 332 2489 ptorum
363 2446 439 2480 Rer.
467 2445 704 2481 Germanicar.
734 2444 946 2480 Menkenii.

193 2493 240 2527 Et
261 2495 336 2530 lane
363 2496 482 2530 eodem
511 2497 654 2531 Saeculo
677 2498 735 2530 xl.
757 2496 805 2531 ita
831 2495 937 2531 horni-

194 2554 253 2579 nes
293 2545 517 2591 capiebantur
556 2546 739 2583 harmonia
777 2546 946 2596 ejusmodi

291 2598 379 2629 Tam.
409 2597 497 2630 VIII.

1025 328 1027 353 ἓ
1053 333 1265 360 metarentur
1294 322 1402 359 Musis
1439 321 1592 362 addim,
1620 325 1680 372 qui
1716 327 1805 360 Car-

1024 356 1028 395 l
1054 378 1149 411 mina
1178 375 1234 410 sua
1262 374 1390 417 hocce,
1419 382 1457 408 ut
1486 372 1678 420 putabant,
1705 386 1808 409 orna-

1024 399 1028 479 1
1053 435 1173 462 mento
1200 424 1361 460 destituta
1390 424 1546 460 vellent.
1575 421 1688 470 Cujus
1725 435 1808 457 con-

1053 477 1245 512 suetudrnis
1290 474 1406 511 testem
1455 474 1670 510 luculentum
1721 472 1811 508 dabo

1053 528 1250 562 Othlonurn
1280 525 1495 561 Monachum
1527 526 1812 560 Sant—Emmera-

1054 577 1228 619 mensem,
1256 577 1353 624 cujus
1390 578 1504 624 Opera
1540 576 1722 623 evulgavit
1758 573 1812 608 su-

1054 641 1112 676 pra
1139 628 1298 663 laudatus
1329 628 1364 662 P.
1396 627 1517 662 Pezius
1546 627 1637 661 Part.
1668 626 1712 659 11.
1737 625 1814 658 To-

1027 712 1028 716 ,
1053 680 1103 713 mi
1123 679 1186 713 111.
1204 677 1371 713 Thesaur.
1389 678 1605 712 Anecdotor.
1622 674 1811 711 Noviffim.

1054 729 1218 764 Florebat
1255 727 1454 763 Monachus
1484 726 1542 762 iste
1566 728 1678 761 Anno
1706 724 1814 760 Chri-

1053 779 1093 815 sti
1121 781 1210 815 ML.
1239 778 1276 815 &
1306 778 1376 827 post
1403 778 1434 813 se
1460 776 1628 814 Carmina
1653 776 1815 823 complu-

1054 844 1090 866 ra
1117 830 1285 878 reliquit,
1313 831 1349 864 in
1379 828 1503 877 quibus
1530 828 1699 876 plurimos
1725 829 1815 862 Ver-

1025 868 1107 917 ¹sus
1145 881 1372 916 consonantes
1409 878 1589 915 invenias.
1627 881 1658 912 ls
1695 887 1813 913 autem

1055 932 1093 967 in
1120 933 1289 967 Carmine
1324 932 1362 964 de
1389 929 1542 965 Dfflrx'na
1576 928 1749 974 spirituali
1775 929 1813 963 in

1056 982 1139 1017 haec
1167 982 1271 1017 verba
1298 980 1483 1029 loquitur:

1105 1061 1201 1094 Porro
1227 1060 1310 1104 quod
1344 1057 1500 1091 interdum
1519 1054 1678 1102 subjungo
1707 1056 1814 1090 CON-

1156 1111 1289 1143 SONA
1310 1110 1500 1149 VERBA,

1105 1162 1198 1204 ‚Quae
1227 1161 1354 1192 NVNC
1392 1159 1663 1192 MVLTORVM
1696 1155 1816 1191 nimius

1157 1207 1310 1248 desiderat
1340 1210 1466 1249 V5V5‚

1106 1260 1172 1290 Ha:
1195 1270 1310 1303 quoque
1336 1259 1498 1299 verborum
1519 1257 1593 1304 plus
1613 1256 1721 1292 ordine
1746 1269 1816 1292 con·-

1157 1317 1299 1340 venumu
1313 1334 1323 1349 ,

1107 1356 1235 1402 Insuper
1257 1358 1489 1403 ,ANTIQVA
1505 1357 1544 1391 de
1561 1358 1818 1391 CONSVETV-

1058 1485 1110 1518 Ut
1136 1482 1256 1527 vides,
1281 1483 1422 1527 Consona
1449 1484 1549 1518 Verba
1572 1482 1662 1530 apud
1683 1491 1816 1519 veteres

1058 1534 1342 1582 appellabantur,
1371 1546 1458 1581 quae
1496 1547 1587 1569 nunc
1625 1533 1725 1568 nobis
1753 1534 1819 1568 Ri-

1057 1597 1103 1618 me
1129 1584 1315 1620 dicuntur:
1346 1595 1449 1629 atque
1477 1583 1646 1631 ejusmodi
1674 1583 1817 1619 poeseos

1058 1645 1216 1671 currente
1241 1636 1364 1670 Seculo
1393 1636 1452 1670 XL
1476 1635 1610 1680 antiqua
1634 1642 1708 1668 erat
1734 1636 1819 1668 Con-

1057 1686 1202 1729 suetudo,
1230 1687 1347 1731 Quare
1385 1685 1435 1720 nil
1465 1684 1615 1728 mirum,
1644 1684 1666 1719 si
1703 1683 1817 1720 subse-

1058 1737 1179 1784 quenti
1209 1738 1331 1771 Seculo
1362 1738 1440 1770 ΧΗ.
1478 1735 1652 1771 familiare
1679 1733 1715 1769 in
1745 1736 1817 1769 Ita-

1058 1787 1106 1822 lia
1134 1799 1272 1833 quoque
1300 1786 1390 1821 idem
1421 1786 1567 1820 studium
1597 1784 1704 1820 fuerit
1731 1783 1818 1820 Mu-

1058 1836 1169 1872 sarum
1199 1836 1415 1871 cultoribus.
1444 1836 1536 1870 Vide
1568 1834 1815 1878 Donizonem,

1058 1887 1117 1935 qui
1149 1889 1255 1922 Anno
1289 1888 1445 1921 MCXV.
1475 1887 1601 1920 poema
1631 1885 1816 1921 contexuit

1056 1941 1095 1973 de
1122 1939 1197 1973 Vita
1221 1936 1399 1981 Camiriffze
1425 1936 1620 1971 Mathzlais.
1641 1936 1817 1972 Animad-

1058 1996 1176 2032 verte,
1197 1988 1323 2035 quibus
1346 1987 1506 2022 Verfibus
1526 1986 1741 2022 Guilielmus
1764 1989 1816 2022 A·

1058 2040 1158 2086 pulus
1186 2039 1335 2073 Librum
1363 2036 1560 2082 QuinE’tum
1593 2039 1632 2072 de
1658 2040 1817 2072 Noronan-

1058 2090 1106 2123 m‘s
1145 2088 1351 2124 concludat.
1388 2087 1481 2123 Vide
1520 2087 1627 2124 etiam
1668 2091 1817 2134 Anony-

1058 2151 1152 2174 mum
1167 2166 1176 2182 ‚
1194 2138 1252 2186 qui
1271 2138 1412 2175 circiter
1424 2141 1566 2174 Annum
1585 2140 1813 2175 Mcxxvn.

1059 2191 1182 2225 Poema
1206 2189 1331 2225 struxit
1352 2191 1392 2224 de
1411 2190 1545 2225 Excidio
1568 2190 1660 2225 Urbis
1680 2193 1812 2224 Comen-

1049 2240 1091 2282 fi*
1105 2253 1120 2274 .·
1136 2239 1190 2275 uti
1211 2238 1248 2276 &
1290 2240 1510 2289 Radulphurn
1531 2239 1809 2284 cadomensem,

1055 2290 1111 2326 cui
1138 2291 1229 2333 Gesta
1256 2294 1411 2326 Tancrea'i
1440 2291 1595 2338 Principis
1624 2291 1807 2334 debemus,

1055 2341 1195 2377 circiter
1213 2341 1331 2377 eadem
1353 2352 1510 2389 tempora
1537 2350 1647 2376 metro
1668 2353 1705 2374 ac
1727 2353 1807 2386 pro-

1052 2393 1088 2428 sfi
1112 2392 1325 2441 conscripta.
1351 2393 1513 2440 Denique
1535 2388 1718 2427 Godefridi
1741 2390 1808 2426 Vi-

1052 2443 1228 2480 terbienfis
1256 2445 1439 2483 Pantheon,
1466 2442 1503 2478 ὃ(
1531 2440 1695 2476 Gaufredi
1724 2440 1809 2477 Ma-

1052 2495 1197 2530 laten-ae
1215 2495 1386 2536 Historiam
1401 2494 1538 2528 siculam
1548 2505 1567 2536 ,·
1583 2504 1669 2539 quae
1686 2491 1808 2528 omnia

1052 2545 1300 2594 complectitur
1338 2542 1519 2581 Colleffio
1558 2554 1635 2578 mea
1678 2544 1807 2579 Rerum

1105 2598 1127 2631 S
1684 2592 1758 2630 Ita-
