2216 3100
299 241 381 282 597

500 223 864 267 DtSSERTATJO
896 222 1360 281 ‚QUADRAGafflMA
1368 226 1575 271 TERIJA
1584 259 1596 273 .

1711 233 1792 286 593

238 282 492 330 nffiodormsem‚
529 281 566 318 ἃ
599 283 805 329 Ranulpbum
831 286 991 318 Amnum
1014 287 1062 330 ¹A
1098 281 1232 328 offerre:
1258 280 1324 317 hoc
1351 284 1417 329 est,
1440 283 1463 320 fi
1492 286 1575 322 bene
1601 288 1673 336 ejus
1697 298 1851 326 mentem

238 334 458 377 senonensem.
485 332 664 381 Sigeberro
692 333 796 368 etiam
819 333 856 367 in
876 333 991 369 Chro—

236 384 320 420 nico
339 393 551 419 memoratur
570 384 610 418 ad
629 386 771 419 Annum
794 385 990 419 MXLVII.

236 436 361 470 ,Franco
387 434 586 476 scholasticus
615 434 859 475 Leodiccnfium.
889 435 990 469 Prae-

236 492 328 520 terea
355 483 391 519 in
419 483 555 520 Codice
583 484 800 524 Chartaceo‚
826 484 879 519 sed
908 483 989 520 satis

236 535 384 582 antiquo
405 561 415 578 ‚
458 535 706 570 Ambrofianae
748 534 989 570 Bibliothecae

237 583 304 620 sese
334 585 422 621 mihi
449 587 652 621 obtulerunt
695 585 835 633 quidam
865 584 989 619 Versus

236 636 369 670 Honorii
394 636 573 677 „scholastici
599 639 642 671 ad
660 638 834 680 jordanem
861 636 990 680 Episco-

232 696 335 733 pum,
371 695 457 733 quos
494 686 590 721 edere
625 685 897 733 constitueram3
936 685 990 719 sed

236 735 417 771 confilium
466 741 578 771 meum
632 735 866 770 animadverti
920 736 1015 783 jam!

235 795 523 834 praeoccupatum
560 784 657 821 fuisse
684 798 702 819 a
730 784 870 820 Clariss.
907 786 985 843 Ma-

234 835 407 877 billonio,
437 835 498 881 qui
526 836 661 870 eosdem
688 836 914 882 evulgaverat
933 849 985 871 in-

233 894 286 921 ter
314 884 484 919 Analeaa
512 883 593 919 sua.
622 887 742 932 Atque
769 885 846 920 heic
873 886 988 921 obiter
1020 925 1024 929 ,

233 935 347 969 dicere
384 934 510 979 liceat,
549 935 755 970 arbitratum
792 934 889 970 fuisse
926 938 983 971 do-

231 983 421 1020 &iffimum
465 986 611 1027 virum,
652 986 854 1021 Honorium
897 986 987 1022 hunc

233 1034 385 1070 floruisse
412 1036 534 1070 Seculo
563 1035 691 1071 Christi
720 1038 845 1071 Sexto.
883 1038 986 1072 Tunc

231 1084 327 1120 enim
354 1084 386 1120 is
413 1085 578 1133 opinatur
605 1085 729 1122 vixisse
756 1086 881 1122 itidem
909 1090 981 1132 Jor-

229 1135 353 1171 danem
390 1135 600 1183 Episcopum
646 1139 909 1178 Ravennatem,
951 1139 984 1173 8<

227 1186 270 1221 ad
298 1185 410 1234 ipsum
440 1186 565 1222 Versus
592 1186 674 1223 illos
707 1187 804 1223 fuisse
833 1188 982 1224 conscri-

228 1244 306 1284 ptos
333 1262 342 1272 .
388 1236 485 1272 Mihi
528 1247 648 1272 contra
690 1238 830 1274 videtur
868 1240 985 1274 nullus

231 1298 383 1332 unquam
412 1286 574 1321 exstitisse
608 1287 772 1328 jordanes
803 1291 982 1323 Ravenna-

225 1335 274 1371 tis
305 1335 414 1371 Urbis
441 1335 656 1382 Episcopus,
693 1335 746 1371 uti
782 1336 819 1372 in
850 1337 982 1372 Praefa-

221 1385 323 1422 tione
347 1385 387 1420 ad
417 1385 608 1420 Historiam
634 1386 834 1422 Gothorum
864 1387 981 1429 Jorda-

222 1435 300 1479 εἰς,
327 1436 447 1469 Tomo
475 1433 502 1469 I.
532 1437 610 1469 Rer.
639 1434 843 1471 Italicarum
875 1436 982 1471 adno-

221 1485 320 1520 tavi.
347 1485 527 1527 scholastici
546 1494 661 1520 autem
691 1485 817 1521 titulus
841 1486 985 1533 aequius

223 1534 316 1571 sedet
344 1534 493 1571 Decimo
521 1545 624 1583 atque
653 1533 856 1572 Undecimo
878 1537 982 1573 Chri-

224 1585 352 1622 stianae
387 1587 500 1621 Acrae
536 1587 680 1622 Saeculo
716 1588 821 1635 quim
857 1589 984 1623 sexto.

221 1637 326 1672 Tunc
366 1645 458 1672 certe
500 1638 588 1684 apud
629 1636 797 1674 Latinam
841 1647 981 1687 gentem
1017 1638 1048 1671 D

222 1687 420 1731 scholasticos
457 1686 590 1735 saepius
626 1689 896 1724 commemorari
929 1689 977 1725 vi-

220 1737 321 1773 deas.

272 1787 335 1823 Sed
356 1798 396 1823 ut
415 1788 456 1823 ad
477 1787 656 1829 „scholastici
677 1801 798 1824 vocem
821 1790 979 1834 redeam,

217 1838 407 1873 Gerbertus
457 1837 531 1887 ipse
571 1838 806 1875 dubitationis
848 1842 979 1877 semina

219 1896 343 1936 auget,
372 1901 479 1935 quum
506 1889 544 1924 in
581 1889 745 1936 Opuscul.
774 1891 814 1926 de
856 1892 977 1927 Rario-

219 1938 316 1982 nali,
343 1938 439 1974 edito
466 1953 484 1974 a
523 1940 561 1974 P.
597 1940 723 1984 Pezio,
751 1942 869 1977 Tomo
907 1944 976 1991 pri-

219 2000 303 2034 me,
331 2002 406 2037 pag.
451 2001 531 2037 149.
567 1989 736 2026 Thesauri
773 1993 975 2028 Anecdoto-

216 2052 316 2082 rum,
344 2038 466 2075 scribit
493 2040 533 2075 ad
561 2042 731 2076 Ottonem
759 2043 823 2077 111.
848 2045 974 2091 Augu-

219 2088 327 2125 stum:
357 2091 573 2135 Meministis,
600 2090 732 2137 adfmffe
766 2102 832 2127 tam
861 2095 977 2128 multos
1018 2090 1058 2132 ΕΞ

219 2140 337 2174 nobiles
372 2142 593 2185 scholasticos,
627 2142 670 2176 &⁶
705 2143 840 2177 eruditos
854 2168 864 2183 ‚
894 2145 975 2179 inter

216 2202 290 2236 quos
317 2191 462 2225 nonnulli
486 2195 620 2227 aderant
651 2192 821 2240 EpJ'scopi,
842 2194 973 2241 sapien-

215 2240 266 2274 tia*
304 2242 477 2284 praeclari,
518 2252 564 2280 ω’
602 2243 778 2288 eloquentis?
812 2244 972 2291 insignes.

216 2290 308 2326 Heic
332 2291 397 2337 jam
422 2292 578 2338 proveE’ti
602 2292 806 2341 Philosophi
831 2308 869 2329 ac
892 2297 969 2332 Ma-

219 2340 312 2388 gistri
338 2340 520 2389 significari
549 2344 728 2379 videntur.
753 2347 886 2380 Contra
913 2359 970 2381 ve-

216 2394 256 2426 ῐὸ
285 2390 374 2426 idem
412 2392 543 2432 scripsit
580 2394 616 2429 in
654 2394 806 2443 Epistola
841 2408 901 2443 92.
929 2397 999 2456 adl

217 2441 430 2477 Bernardum
467 2443 708 2486 Monachum,
746 2445 777 2480 se
814 2447 970 2481 interdum

215 2492 414 2536 nobilffimis
440 2496 633 2537 Scholasticis
660 2495 898 2539 disciplinarum
925 2498 965 2531 li-

215 2542 367 2577 beralium
386 2542 518 2588 suavem
548 2545 688 2590 fruc‘lum
717 2549 762 2582 ad
786 2547 966 2592 vescendum

1099 332 1255 379 collig0‚
1282 345 1301 367 a
1328 333 1360 368 se
1396 335 1628 373 nobiliffimos
1658 352 1779 387 pueros
1807 343 1853 376 li-

1100 383 1270 417 beralibus
1319 382 1432 421 imbui
1472 387 1695 436 disciplinis.
1730 393 1778 426 Et
1819 391 1853 426 ei

1098 432 1239 480 quidem
1268 442 1347 469 ante
1375 436 1570 486 contigerat
1596 438 1710 475 literis
1737 441 1853 477 erudi-

1097 495 1134 518 re
1169 485 1340 519 ottonem
1382 487 1446 521 ΙΙΙ.
1486 488 1596 535 postea
1631 490 1853 538 Augustum.

1098 546 1136 568 ac
1160 535 1349 570 Robertum
1369 534 1492 572 deinde
1517 542 1641 588 Regem
1665 541 1853 577 Franciae.

1097 584 1160 618 Sed
1189 583 1256 620 five
1283 586 1454 631 Magistros
1472 614 1481 630 ‚
1509 588 1576 624 five
1605 591 1762 626 Scholares
1788 592 1853 627 sta—

1097 642 1234 669 tuamus
1271 648 1290 670 a
1326 637 1520 681 Gerberto,
1556 639 1615 676 sub
1651 643 1851 684 scholastica-

1095 696 1163 717 rum
1200 686 1393 730 vocabulo,
1429 688 1631 736 expetitos,
1667 691 1708 726 ad
1745 692 1777 727 se
1812 692 1850 727 in

1097 733 1237 769 Italiam
1265 735 1480 781 mittendos,
1507 739 1672 786 utrinque
1699 742 1852 788 proposi-

1095 792 1151 818 tae
1178 796 1197 818 a
1224 797 1279 819 me
1307 784 1497 823 sententiae
1534 793 1666 836 pondus
1695 792 1851 832 accedit,

1096 846 1218 882 nempe
1243 834 1381 871 homini
1406 836 1488 872 huic
1505 865 1514 881 ‚
1539 839 1665 888 insigni
1693 841 1852 878 Philoso-

1097 885 1186 931 pho,
1214 885 1433 921 tribuendam
1462 890 1579 936 aliqua
1606 904 1648 925 ex
1673 901 1768 940 parte
1796 893 1852 928 vi-

1095 935 1167 969 deri
1192 935 1455 984 disciplinarum
1482 941 1666 976 meliorum
1689 941 1851 979 restaura-

1096 985 1228 1020 tionem
1257 985 1294 1021 in
1323 988 1446 1024 Italia.
1474 991 1579 1035 Quod
1611 991 1631 1026 fi
1662 992 1742 1028 haec
1771 1003 1850 1029 tan-

1095 1036 1169 1070 tilm
1206 1036 1327 1072 Abbas
1364 1039 1556 1085 praestitit,
1591 1043 1675 1088 quid
1713 1044 1851 1089 praesti-

1094 1085 1168 1121 tisse
1194 1086 1440 1124 existimandus
1468 1091 1534 1135 est,
1558 1093 1617 1127 ubi
1646 1093 1686 1127 ad
1714 1096 1852 1129 Raven-

1093 1145 1207 1171 natem
1232 1139 1443 1174 cathedram
1471 1142 1653 1188 pervenit?
1677 1144 1759 1191 quid
1788 1158 1850 1181 au-

1093 1195 1163 1221 tem
1200 1188 1346 1223 effeciffe
1384 1192 1576 1237 putandus,
1613 1194 1672 1229 ubi
1709 1195 1850 1231 demum

1092 1237 1333 1284 Apostolicum
1356 1241 1520 1277 thronum
1549 1244 1773 1281 conscendit?
1799 1248 1850 1281 U-

1092 1288 1189 1334 tique
1212 1289 1285 1324 veri
1307 1290 1396 1326 mihi
1419 1293 1557 1329 videtur
1581 1295 1714 1339 limile,
1735 1296 1849 1343 ipsum

1090 1346 1165 1370 tum
1193 1341 1377 1387 exemplo,
1405 1351 1480 1378 tum
1520 1357 1627 1389 voce,
1656 1356 1729 1381 tum
1759 1347 1850 1396 legi·-

1093 1386 1153 1420 bus
1182 1390 1330 1431 curass'e,
1359 1401 1397 1425 ut
1426 1393 1624 1431 Literarum
1653 1397 1759 1432 studia
1788 1411 1850 1433 an-

1089 1437 1228 1481 tiquum
1271 1438 1426 1485 vigorem
1463 1443 1682 1491 reciperent,
1710 1460 1748 1482 ac
1779 1450 1851 1483 Ro-

1091 1497 1166 1519 mae
1195 1486 1433 1532 potissimum,
1461 1493 1521 1528 ubi
1558 1508 1674 1530 earum
1713 1499 1849 1533 cultura

1089 1537 1232 1571 Saeculo
1260 1537 1390 1574 Christi
1427 1542 1576 1578 Decimo
1612 1545 1766 1591 friguisse
1794 1548 1850 1584 vi-

1089 1585 1210 1622 detur.
1249 1590 1428 1626 Arnoldus
1466 1593 1723 1631 Aurelianensis
1761 1599 1848 1644 Epi-

1089 1635 1235 1685 scopus,
1267 1638 1335 1674 slve
1373 1639 1431 1676 sub
1468 1643 1540 1691 ejus
1579 1646 1722 1681 nomine
1759 1650 1847 1683 Ger-

1089 1688 1202 1723 bertus
1231 1688 1299 1737 ipse
1325 1690 1361 1725 in
1387 1691 1640 1731 Conciliabulo
1666 1698 1847 1744 Remenfi,

1088 1737 1170 1773 teste
1200 1741 1396 1777 Annalium
1434 1745 1745 1783 Ecclefiasticorum
1785 1762 1846 1797 pa-

1087 1798 1183 1824 rente
1221 1791 1373 1827 Baronio
1406 1794 1446 1829 ad
1476 1798 1620 1832 Annum
1660 1800 1847 1836 DCCCC-

1090 1841 1202 1876 XCII.
1229 1841 1266 1876 in
1303 1842 1387 1878 haec
1423 1847 1527 1882 verba
1565 1848 1700 1896 erupit:
1737 1853 1846 1895 ‚Quum

1086 1891 1140 1924 hoc
1174 1902 1306 1936 tempore
1345 1898 1490 1933 Romae,
1527 1899 1633 1931 nullus
1670 1910 1764 1945 poene
1798 1900 1844 1940 sit

1087 1940 1146 1987 (ut
1169 1941 1260 1984 sama
1285 1942 1351 1991 est)
1379 1945 1433 1990 qui
1459 1945 1585 1980 Literas
1610 1949 1776 1993 didicerit,
1794 1950 1842 1990 si-

1085 2005 1122 2024 ne
1148 1992 1261 2037 quibus
1297 1992 1358 2039 (ut
1376 1995 1529 2041 scn'ptum
1555 1998 1621 2045 est)
1648 2000 1706 2033 vix
1740 2001 1843 2042 Ostia-

1086 2041 1150 2075 rius
1174 2040 1332 2086 efficitur:
1353 2056 1415 2090 qua
1433 2045 1537 2088 fronte
1559 2048 1676 2095 aliquis
1700 2051 1839 2094 docebit,

1083 2104 1161 2138 quae
1196 2093 1322 2127 minime
1357 2095 1501 2130 didicit?
1527 2099 1625 2134 Haec
1662 2109 1752 2136 certe
1789 2100 1841 2137 fa-

1084 2151 1181 2186 teor,
1218 2142 1272 2178 uti
1309 2142 1347 2180 &
1383 2146 1452 2182 alia
1490 2148 1637 2184 minime
1678 2149 1837 2197 ferenda,

1081 2193 1195 2236 irat0,
1215 2193 1327 2230 immo
1353 2195 1480 2233 furenti
1505 2198 1644 2235 homini
1669 2209 1751 2235 tunc
1775 2215 1837 2237 ex-

1083 2243 1221 2287 cidisse,
1258 2245 1440 2294 ipsumque
1475 2250 1705 2295 Gerbertum‚
1745 2251 1836 2287 fam&

1081 2297 1328 2332 tantummodo
1353 2297 1539 2342 innixum,
1567 2299 1669 2336 facile
1696 2314 1714 2336 a
1743 2304 1835 2338 veri—

1081 2353 1151 2380 tate
1179 2346 1273 2382 abire
1300 2349 1466 2395 potuiffe.
1497 2352 1588 2386 Nam
1627 2360 1746 2387 contra
1774 2366 1834 2388 eo-

1079 2394 1156 2430 dem
1182 2396 1256 2443 ipso
1280 2400 1423 2434 Saeculo
1446 2400 1629 2436 Ratherius
1651 2404 1833 2438 Veronen-

1077 2445 1118 2481 fis
1145 2446 1334 2495 Episcopus
1362 2450 1398 2484 in
1435 2450 1623 2487 Itinerario
1659 2451 1719 2487 suo
1749 2453 1834 2489 scri-

1076 2495 1208 2545 pserat:
1238 2502 1314 2545 Qud
1342 2500 1543 2546 ignoratum,
1570 2515 1628 2549 quo
1663 2503 1772 2537 melius
1798 2518 1832 2538 e-

1075 2548 1154 2590 xui,
1181 2561 1239 2593 quo
1272 2550 1377 2597 aptius
1410 2550 1548 2598 possum,
1584 2555 1677 2600 qum
1713 2558 1832 2591 Romae

1118 2598 1146 2632 P
1171 2610 1193 2645 p
1222 2609 1243 2633 2
1697 2605 1785 2640 doce-
