<?xml version="1.0" encoding="UTF-8"?>
<!DOCTYPE html PUBLIC "-//W3C//DTD XHTML 1.0 Transitional//EN"
    "http://www.w3.org/TR/xhtml1/DTD/xhtml1-transitional.dtd">
<html xmlns="http://www.w3.org/1999/xhtml" xml:lang="en" lang="en">
 <head>
  <title>
</title>
<meta http-equiv="Content-Type" content="text/html;charset=utf-8" />
  <meta name='ocr-system' content='tesseract 3.04.00' />
  <meta name='ocr-capabilities' content='ocr_page ocr_carea ocr_par ocr_line ocrx_word'/>
</head>
<body>
  <div class='ocr_page' id='page_1' title='image "antiquitatesital08mura_0270.png"; bbox 0 0 2216 3100; ppageno 0'>
   <div class='ocr_carea' id='block_1_1' title="bbox 350 307 1115 810">
    <p class='ocr_par' dir='ltr' id='par_1_1' title="bbox 350 307 1115 810">
     <span class='ocr_line' id='line_1_1' title="bbox 353 307 1111 356; baseline 0.007 -15"><span class='ocrx_word' id='word_1_1' title='bbox 353 316 438 347; x_wconf 77' lang='lat' dir='ltr'>vat,</span> <span class='ocrx_word' id='word_1_2' title='bbox 467 307 622 344; x_wconf 82' lang='lat' dir='ltr'>nondum</span> <span class='ocrx_word' id='word_1_3' title='bbox 650 307 732 345; x_wconf 79' lang='lat' dir='ltr'>satis</span> <span class='ocrx_word' id='word_1_4' title='bbox 759 321 822 356; x_wconf 86' lang='lat' dir='ltr'>pro</span> <span class='ocrx_word' id='word_1_5' title='bbox 849 309 978 345; x_wconf 88' lang='lat' dir='ltr'>merito</span> <span class='ocrx_word' id='word_1_6' title='bbox 1005 317 1111 346; x_wconf 75' lang='lat' dir='ltr'>nota»</span> 
     </span>
     <span class='ocr_line' id='line_1_2' title="bbox 352 357 1112 406; baseline 0 -14"><span class='ocrx_word' id='word_1_7' title='bbox 352 370 564 406; x_wconf 77' lang='lat' dir='ltr'>quamquam</span> <span class='ocrx_word' id='word_1_8' title='bbox 594 367 695 395; x_wconf 83' lang='lat' dir='ltr'>antea</span> <span class='ocrx_word' id='word_1_9' title='bbox 722 359 836 395; x_wconf 85' lang='lat' dir='ltr'>edita.</span> <span class='ocrx_word' id='word_1_10' title='bbox 873 361 1037 395; x_wconf 81' lang='lat' dir='ltr'>Alterum</span> <span class='ocrx_word' id='word_1_11' title='bbox 1067 357 1112 392; x_wconf 87' lang='lat' dir='ltr'>est</span> 
     </span>
     <span class='ocr_line' id='line_1_3' title="bbox 350 408 1111 457; baseline -0.001 -14"><span class='ocrx_word' id='word_1_12' title='bbox 350 408 583 457; x_wconf 79' lang='lat' dir='ltr'>Epitaphium</span> <span class='ocrx_word' id='word_1_13' title='bbox 613 408 744 453; x_wconf 70' lang='lat' dir='ltr'>Pacifici</span> <span class='ocrx_word' id='word_1_14' title='bbox 767 410 995 445; x_wconf 68' lang='lat' dir='ltr'>Archidiacani</span> <span class='ocrx_word' id='word_1_15' title='bbox 1020 411 1111 442; x_wconf 80' lang='lat' dir='ltr'>Vero-</span> 
     </span>
     <span class='ocr_line' id='line_1_4' title="bbox 353 459 1113 506; baseline -0.001 -12"><span class='ocrx_word' id='word_1_16' title='bbox 353 459 452 498; x_wconf 72' lang='lat' dir='ltr'>nensis</span> <span class='ocrx_word' id='word_1_17' title='bbox 471 485 482 500; x_wconf 93' lang='lat'><em>‚</em></span> <span class='ocrx_word' id='word_1_18' title='bbox 519 460 554 495; x_wconf 87' lang='lat' dir='ltr'>in</span> <span class='ocrx_word' id='word_1_19' title='bbox 587 459 745 495; x_wconf 87' lang='lat' dir='ltr'>maximo</span> <span class='ocrx_word' id='word_1_20' title='bbox 773 463 931 496; x_wconf 82' lang='lat' dir='ltr'>Veronae</span> <span class='ocrx_word' id='word_1_21' title='bbox 958 459 1113 506; x_wconf 83' lang='lat' dir='ltr'>Templo</span> 
     </span>
     <span class='ocr_line' id='line_1_5' title="bbox 353 509 1114 557; baseline 0 -12"><span class='ocrx_word' id='word_1_22' title='bbox 353 509 466 546; x_wconf 80' lang='lat' dir='ltr'>adhuc</span> <span class='ocrx_word' id='word_1_23' title='bbox 503 510 679 557; x_wconf 83' lang='lat' dir='ltr'>prostans.</span> <span class='ocrx_word' id='word_1_24' title='bbox 716 512 884 547; x_wconf 83' lang='lat' dir='ltr'>Mancum</span> <span class='ocrx_word' id='word_1_25' title='bbox 920 509 959 546; x_wconf 87' lang='lat'>&amp;</span> <span class='ocrx_word' id='word_1_26' title='bbox 996 522 1114 545; x_wconf 85' lang='lat' dir='ltr'>corru-</span> 
     </span>
     <span class='ocr_line' id='line_1_6' title="bbox 354 559 1113 609; baseline 0.003 -15"><span class='ocrx_word' id='word_1_27' title='bbox 354 569 455 607; x_wconf 81' lang='lat' dir='ltr'>ptum</span> <span class='ocrx_word' id='word_1_28' title='bbox 481 560 569 595; x_wconf 78' lang='lat' dir='ltr'>illud</span> <span class='ocrx_word' id='word_1_29' title='bbox 596 561 801 609; x_wconf 87' lang='lat' dir='ltr'>jampridem</span> <span class='ocrx_word' id='word_1_30' title='bbox 829 561 1014 609; x_wconf 79' lang='lat' dir='ltr'>Ughellius</span> <span class='ocrx_word' id='word_1_31' title='bbox 1040 559 1113 596; x_wconf 86' lang='lat' dir='ltr'>edi-</span> 
     </span>
     <span class='ocr_line' id='line_1_7' title="bbox 353 609 1112 648; baseline 0.001 -3"><span class='ocrx_word' id='word_1_32' title='bbox 353 609 453 645; x_wconf 83' lang='lat' dir='ltr'>derat</span> <span class='ocrx_word' id='word_1_33' title='bbox 479 611 598 646; x_wconf 87' lang='lat' dir='ltr'>Tomo</span> <span class='ocrx_word' id='word_1_34' title='bbox 627 614 670 646; x_wconf 91' lang='lat' dir='ltr'>V.</span> <span class='ocrx_word' id='word_1_35' title='bbox 701 613 823 648; x_wconf 74' lang='lat' dir='ltr'>Italiae</span> <span class='ocrx_word' id='word_1_36' title='bbox 851 615 990 647; x_wconf 83' lang='lat' dir='ltr'>Sacrae.</span> <span class='ocrx_word' id='word_1_37' title='bbox 1019 612 1112 646; x_wconf 86' lang='lat' dir='ltr'>Inte·</span> 
     </span>
     <span class='ocr_line' id='line_1_8' title="bbox 355 662 1114 709; baseline 0.001 -14"><span class='ocrx_word' id='word_1_38' title='bbox 355 674 456 709; x_wconf 83' lang='lat' dir='ltr'>grum</span> <span class='ocrx_word' id='word_1_39' title='bbox 493 662 526 696; x_wconf 90' lang='lat'>&amp;</span> <span class='ocrx_word' id='word_1_40' title='bbox 555 672 783 709; x_wconf 83' lang='lat' dir='ltr'>expurgatum</span> <span class='ocrx_word' id='word_1_41' title='bbox 821 675 911 698; x_wconf 87' lang='lat' dir='ltr'>nunc</span> <span class='ocrx_word' id='word_1_42' title='bbox 949 662 1114 697; x_wconf 82' lang='lat' dir='ltr'>habemus</span> 
     </span>
     <span class='ocr_line' id='line_1_9' title="bbox 357 711 1114 759; baseline 0 -13"><span class='ocrx_word' id='word_1_43' title='bbox 357 711 437 746; x_wconf 59' lang='lat' dir='ltr'>eura</span> <span class='ocrx_word' id='word_1_44' title='bbox 489 713 701 758; x_wconf 82' lang='lat' dir='ltr'>praelaudati</span> <span class='ocrx_word' id='word_1_45' title='bbox 751 712 926 759; x_wconf 80' lang='lat' dir='ltr'>Scipionis</span> <span class='ocrx_word' id='word_1_46' title='bbox 976 711 1114 759; x_wconf 81' lang='lat' dir='ltr'>Maffeji</span> 
     </span>
     <span class='ocr_line' id='line_1_10' title="bbox 358 760 1115 810; baseline 0 -14"><span class='ocrx_word' id='word_1_47' title='bbox 358 760 579 798; x_wconf 83' lang='lat' dir='ltr'>Marchionis</span> <span class='ocrx_word' id='word_1_48' title='bbox 609 763 812 799; x_wconf 74' lang='lat' dir='ltr'>Veronensis</span> <span class='ocrx_word' id='word_1_49' title='bbox 838 765 883 799; x_wconf 85' lang='lat' dir='ltr'>V.</span> <span class='ocrx_word' id='word_1_50' title='bbox 907 763 966 799; x_wconf 83' lang='lat' dir='ltr'>CI.</span> <span class='ocrx_word' id='word_1_51' title='bbox 990 763 1054 810; x_wconf 87' lang='lat' dir='ltr'>qui</span> <span class='ocrx_word' id='word_1_52' title='bbox 1077 761 1115 797; x_wconf 84' lang='lat' dir='ltr'>in</span> 
     </span>
    </p>
   </div>
   <div class='ocr_carea' id='block_1_2' title="bbox 415 245 1920 307">
    <p class='ocr_par' dir='ltr' id='par_1_2' title="bbox 415 245 1920 307">
     <span class='ocr_line' id='line_1_11' title="bbox 415 245 1920 307; baseline 0.001 -15"><span class='ocrx_word' id='word_1_53' title='bbox 415 264 495 305; x_wconf 72' lang='lat'>331</span> <span class='ocrx_word' id='word_1_54' title='bbox 766 246 1140 307; x_wconf 66' lang='lat' dir='ltr'>ANTIQUIT.</span> <span class='ocrx_word' id='word_1_55' title='bbox 1171 245 1385 290; x_wconf 83' lang='lat' dir='ltr'>MEDII</span> <span class='ocrx_word' id='word_1_56' title='bbox 1411 246 1573 291; x_wconf 77' lang='lat' dir='ltr'>AEVI</span> <span class='ocrx_word' id='word_1_57' title='bbox 1839 264 1920 305; x_wconf 73' lang='lat'>33·</span> 
     </span>
    </p>
   </div>
   <div class='ocr_carea' id='block_1_3' title="bbox 1148 304 1987 657">
    <p class='ocr_par' dir='ltr' id='par_1_3' title="bbox 1148 304 1987 657">
     <span class='ocr_line' id='line_1_12' title="bbox 1148 304 1979 354; baseline 0.001 -11"><span class='ocrx_word' id='word_1_58' title='bbox 1148 307 1185 343; x_wconf 91' lang='lat' dir='ltr'>A</span> <span class='ocrx_word' id='word_1_59' title='bbox 1221 304 1441 341; x_wconf 73' lang='lat' dir='ltr'>praefatione</span> <span class='ocrx_word' id='word_1_60' title='bbox 1482 307 1522 342; x_wconf 88' lang='lat' dir='ltr'>ad</span> <span class='ocrx_word' id='word_1_61' title='bbox 1560 306 1771 344; x_wconf 71' lang='lat' dir='ltr'>Caffiodorii</span> <span class='ocrx_word' id='word_1_62' title='bbox 1807 305 1979 354; x_wconf 76' lang='lat' dir='ltr'>Comple-</span> 
     </span>
     <span class='ocr_line' id='line_1_13' title="bbox 1220 357 1982 407; baseline 0.001 -14"><span class='ocrx_word' id='word_1_63' title='bbox 1220 357 1344 393; x_wconf 84' lang='lat' dir='ltr'>xiones</span> <span class='ocrx_word' id='word_1_64' title='bbox 1370 359 1478 391; x_wconf 86' lang='lat' dir='ltr'>Anno</span> <span class='ocrx_word' id='word_1_65' title='bbox 1503 359 1747 394; x_wconf 71' lang='lat' dir='ltr'>MDCCXXI.</span> <span class='ocrx_word' id='word_1_66' title='bbox 1775 372 1833 407; x_wconf 86' lang='lat' dir='ltr'>per</span> <span class='ocrx_word' id='word_1_67' title='bbox 1856 372 1935 394; x_wconf 86' lang='lat' dir='ltr'>eum</span> <span class='ocrx_word' id='word_1_68' title='bbox 1961 370 1982 394; x_wconf 89' lang='lat' dir='ltr'>e</span> 
     </span>
     <span class='ocr_line' id='line_1_14' title="bbox 1221 406 1982 456; baseline 0.001 -12"><span class='ocrx_word' id='word_1_69' title='bbox 1221 406 1373 444; x_wconf 79' lang='lat' dir='ltr'>tenebris</span> <span class='ocrx_word' id='word_1_70' title='bbox 1399 406 1558 447; x_wconf 69' lang='lat' dir='ltr'>eduaas,</span> <span class='ocrx_word' id='word_1_71' title='bbox 1584 410 1616 443; x_wconf 74' lang='lat'>8&lt;</span> <span class='ocrx_word' id='word_1_72' title='bbox 1647 411 1798 456; x_wconf 87' lang='lat' dir='ltr'>primum</span> <span class='ocrx_word' id='word_1_73' title='bbox 1824 421 1918 455; x_wconf 63' lang='lat' dir='ltr'>tyfus</span> <span class='ocrx_word' id='word_1_74' title='bbox 1944 421 1982 445; x_wconf 85' lang='lat' dir='ltr'>e·</span> 
     </span>
     <span class='ocr_line' id='line_1_15' title="bbox 1221 456 1982 497; baseline 0.005 -4"><span class='ocrx_word' id='word_1_75' title='bbox 1221 458 1312 493; x_wconf 86' lang='lat' dir='ltr'>ditas</span> <span class='ocrx_word' id='word_1_76' title='bbox 1330 482 1339 497; x_wconf 90' lang='lat'><em>‚</em></span> <span class='ocrx_word' id='word_1_77' title='bbox 1385 456 1528 493; x_wconf 84' lang='lat' dir='ltr'>Pacifici</span> <span class='ocrx_word' id='word_1_78' title='bbox 1570 460 1772 495; x_wconf 84' lang='lat' dir='ltr'>memoriam</span> <span class='ocrx_word' id='word_1_79' title='bbox 1813 460 1982 497; x_wconf 74' lang='lat' dir='ltr'>illustrem</span> 
     </span>
     <span class='ocr_line' id='line_1_16' title="bbox 1223 507 1983 546; baseline 0.004 -3"><span class='ocrx_word' id='word_1_80' title='bbox 1223 507 1283 544; x_wconf 89' lang='lat' dir='ltr'>suo</span> <span class='ocrx_word' id='word_1_81' title='bbox 1303 509 1427 543; x_wconf 88' lang='lat' dir='ltr'>honori</span> <span class='ocrx_word' id='word_1_82' title='bbox 1449 508 1618 544; x_wconf 83' lang='lat' dir='ltr'>restituit.</span> <span class='ocrx_word' id='word_1_83' title='bbox 1641 511 1802 546; x_wconf 83' lang='lat' dir='ltr'>Florebat</span> <span class='ocrx_word' id='word_1_84' title='bbox 1822 512 1884 546; x_wconf 84' lang='lat' dir='ltr'>ille</span> <span class='ocrx_word' id='word_1_85' title='bbox 1907 513 1983 546; x_wconf 81' lang='lat' dir='ltr'>An-</span> 
     </span>
     <span class='ocr_line' id='line_1_17' title="bbox 1224 559 1985 609; baseline 0.003 -15"><span class='ocrx_word' id='word_1_86' title='bbox 1224 572 1271 594; x_wconf 87' lang='lat' dir='ltr'>no</span> <span class='ocrx_word' id='word_1_87' title='bbox 1293 560 1506 595; x_wconf 78' lang='lat' dir='ltr'>DCCCXL.</span> <span class='ocrx_word' id='word_1_88' title='bbox 1536 562 1587 594; x_wconf 86' lang='lat' dir='ltr'>En</span> <span class='ocrx_word' id='word_1_89' title='bbox 1611 559 1717 604; x_wconf 77' lang='lat' dir='ltr'>ipsam</span> <span class='ocrx_word' id='word_1_90' title='bbox 1741 560 1985 609; x_wconf 77' lang='lat' dir='ltr'>Epigraphen.</span> 
     </span>
     <span class='ocr_line' id='line_1_18' title="bbox 1225 609 1987 657; baseline 0.003 -13"><span class='ocrx_word' id='word_1_91' title='bbox 1225 609 1321 657; x_wconf 85' lang='lat' dir='ltr'><strong>cujus</strong></span> <span class='ocrx_word' id='word_1_92' title='bbox 1348 623 1422 657; x_wconf 83' lang='lat' dir='ltr'>pars</span> <span class='ocrx_word' id='word_1_93' title='bbox 1448 609 1664 656; x_wconf 86' lang='lat' dir='ltr'>Rhythmico</span> <span class='ocrx_word' id='word_1_94' title='bbox 1689 621 1809 646; x_wconf 83' lang='lat' dir='ltr'>tenore</span> <span class='ocrx_word' id='word_1_95' title='bbox 1834 610 1987 647; x_wconf 83' lang='lat' dir='ltr'>conscri-</span> 
     </span>
    </p>
   </div>
   <div class='ocr_carea' id='block_1_4' title="bbox 1197 659 1987 758">
    <p class='ocr_par' dir='ltr' id='par_1_4' title="bbox 1197 659 1987 758">
     <span class='ocr_line' id='line_1_19' title="bbox 1227 659 1987 711; baseline 0.007 -18"><span class='ocrx_word' id='word_1_96' title='bbox 1227 670 1285 708; x_wconf 82' lang='lat' dir='ltr'>pta</span> <span class='ocrx_word' id='word_1_97' title='bbox 1309 659 1376 704; x_wconf 86' lang='lat' dir='ltr'>est,</span> <span class='ocrx_word' id='word_1_98' title='bbox 1406 673 1480 707; x_wconf 83' lang='lat' dir='ltr'>pars</span> <span class='ocrx_word' id='word_1_99' title='bbox 1507 663 1588 696; x_wconf 72' lang='lat' dir='ltr'>verb</span> <span class='ocrx_word' id='word_1_100' title='bbox 1613 660 1817 698; x_wconf 82' lang='lat' dir='ltr'>hexametro</span> <span class='ocrx_word' id='word_1_101' title='bbox 1840 662 1875 697; x_wconf 74' lang='grc'>8(</span> <span class='ocrx_word' id='word_1_102' title='bbox 1901 673 1987 711; x_wconf 70' lang='lat' dir='ltr'>pe·-</span> 
     </span>
     <span class='ocr_line' id='line_1_20' title="bbox 1197 709 1531 758; baseline 0.006 -13"><span class='ocrx_word' id='word_1_103' title='bbox 1197 712 1202 758; x_wconf 56' lang='grc'>(</span> <span class='ocrx_word' id='word_1_104' title='bbox 1229 719 1380 746; x_wconf 84' lang='lat' dir='ltr'>tametro</span> <span class='ocrx_word' id='word_1_105' title='bbox 1409 709 1531 748; x_wconf 85' lang='lat' dir='ltr'>versu.</span> 
     </span>
    </p>
   </div>
   <div class='ocr_carea' id='block_1_5' title="bbox 1163 760 1192 794">
    <p class='ocr_par' dir='ltr' id='par_1_5' title="bbox 1163 760 1192 794">
     <span class='ocr_line' id='line_1_21' title="bbox 1163 760 1192 794; baseline 0 0"><span class='ocrx_word' id='word_1_106' title='bbox 1163 760 1192 794; x_wconf 90' lang='lat' dir='ltr'>B</span> 
     </span>
    </p>
   </div>
   <div class='ocr_carea' id='block_1_6' title="bbox 1135 315 1142 598">
    <p class='ocr_par' dir='ltr' id='par_1_6' title="bbox 1135 315 1142 598">
     <span class='ocr_line' id='line_1_22' title="bbox 1135 315 1142 598; baseline 0 2502"><span class='ocrx_word' id='word_1_107' title='bbox 1135 315 1142 598; x_wconf 95' lang='lat' dir='ltr'> </span> 
     </span>
    </p>
   </div>
   <div class='ocr_carea' id='block_1_7' title="bbox 1196 580 1204 702">
    <p class='ocr_par' dir='ltr' id='par_1_7' title="bbox 1196 580 1204 702">
     <span class='ocr_line' id='line_1_23' title="bbox 1196 580 1204 702; baseline 0 2398"><span class='ocrx_word' id='word_1_108' title='bbox 1196 580 1204 702; x_wconf 95' lang='lat' dir='ltr'> </span> 
     </span>
    </p>
   </div>
   <div class='ocr_carea' id='block_1_8' title="bbox 1136 612 1148 796">
    <p class='ocr_par' dir='ltr' id='par_1_8' title="bbox 1136 612 1148 796">
     <span class='ocr_line' id='line_1_24' title="bbox 1136 612 1148 796; baseline 0 2304"><span class='ocrx_word' id='word_1_109' title='bbox 1136 612 1148 796; x_wconf 95' lang='lat' dir='ltr'> </span> 
     </span>
    </p>
   </div>
   <div class='ocr_carea' id='block_1_9' title="bbox 362 855 1970 2684">
    <p class='ocr_par' dir='ltr' id='par_1_9' title="bbox 362 855 1925 1230">
     <span class='ocr_line' id='line_1_25' title="bbox 362 855 1687 931; baseline 0 -14"><span class='ocrx_word' id='word_1_110' title='bbox 362 855 438 931; x_wconf 41' lang='grc' dir='ltr'>ᾧ</span> <span class='ocrx_word' id='word_1_111' title='bbox 464 884 873 918; x_wconf 78' lang='lat' dir='ltr'>ARCHIDIACONUS</span> <span class='ocrx_word' id='word_1_112' title='bbox 895 884 1131 925; x_wconf 80' lang='lat' dir='ltr'>QVIESCIT</span> <span class='ocrx_word' id='word_1_113' title='bbox 1153 883 1238 916; x_wconf 78' lang='lat' dir='ltr'>HIC</span> <span class='ocrx_word' id='word_1_114' title='bbox 1262 883 1394 918; x_wconf 83' lang='lat' dir='ltr'>VERO</span> <span class='ocrx_word' id='word_1_115' title='bbox 1417 883 1687 925; x_wconf 70' lang='lat' dir='ltr'>PACIFICUS,</span> 
     </span>
     <span class='ocr_line' id='line_1_26' title="bbox 441 944 1670 985; baseline -0.001 -7"><span class='ocrx_word' id='word_1_116' title='bbox 441 946 714 978; x_wconf 76' lang='lat' dir='ltr'>SAPIENTIA</span> <span class='ocrx_word' id='word_1_117' title='bbox 737 946 1039 985; x_wconf 76' lang='lat' dir='ltr'>PRECLARUS‚</span> <span class='ocrx_word' id='word_1_118' title='bbox 1062 945 1128 976; x_wconf 89' lang='lat' dir='ltr'>ET</span> <span class='ocrx_word' id='word_1_119' title='bbox 1153 944 1321 976; x_wconf 79' lang='lat' dir='ltr'>FORMA</span> <span class='ocrx_word' id='word_1_120' title='bbox 1347 944 1670 977; x_wconf 82' lang='lat' dir='ltr'>PREFVLGIDA.</span> 
     </span>
     <span class='ocr_line' id='line_1_27' title="bbox 441 1005 1858 1039; baseline -0.002 0"><span class='ocrx_word' id='word_1_121' title='bbox 441 1006 632 1039; x_wconf 85' lang='lat' dir='ltr'>NULLUS</span> <span class='ocrx_word' id='word_1_122' title='bbox 656 1007 797 1039; x_wconf 83' lang='lat' dir='ltr'>TALIS</span> <span class='ocrx_word' id='word_1_123' title='bbox 821 1007 909 1039; x_wconf 83' lang='lat' dir='ltr'>EST</span> <span class='ocrx_word' id='word_1_124' title='bbox 934 1006 1192 1038; x_wconf 85' lang='lat' dir='ltr'>INVENTUS</span> <span class='ocrx_word' id='word_1_125' title='bbox 1216 1005 1419 1037; x_wconf 61' lang='lat' dir='ltr'>NOSTRIs</span> <span class='ocrx_word' id='word_1_126' title='bbox 1444 1005 1496 1036; x_wconf 90' lang='lat' dir='ltr'>IN</span> <span class='ocrx_word' id='word_1_127' title='bbox 1521 1005 1858 1037; x_wconf 77' lang='lat' dir='ltr'><strong>TEMPORIBUS:</strong></span> 
     </span>
     <span class='ocr_line' id='line_1_28' title="bbox 443 1064 1925 1107; baseline 0.001 -9"><span class='ocrx_word' id='word_1_128' title='bbox 443 1066 583 1107; x_wconf 87' lang='lat' dir='ltr'>QVOD</span> <span class='ocrx_word' id='word_1_129' title='bbox 607 1068 705 1100; x_wconf 89' lang='lat' dir='ltr'>NEC</span> <span class='ocrx_word' id='word_1_130' title='bbox 730 1068 900 1099; x_wconf 84' lang='lat' dir='ltr'>ULLUM</span> <span class='ocrx_word' id='word_1_131' title='bbox 925 1067 1182 1099; x_wconf 82' lang='lat' dir='ltr'>ADVENIRE</span> <span class='ocrx_word' id='word_1_132' title='bbox 1208 1065 1429 1106; x_wconf 81' lang='lat' dir='ltr'>UNQUAM</span> <span class='ocrx_word' id='word_1_133' title='bbox 1453 1065 1627 1097; x_wconf 85' lang='lat' dir='ltr'>TALEM</span> <span class='ocrx_word' id='word_1_134' title='bbox 1651 1064 1925 1100; x_wconf 74' lang='lat' dir='ltr'>CREDIMUS.</span> 
     </span>
     <span class='ocr_line' id='line_1_29' title="bbox 445 1126 1690 1169; baseline -0.003 -8"><span class='ocrx_word' id='word_1_135' title='bbox 445 1128 795 1162; x_wconf 78' lang='lat' dir='ltr'>ECCLESIARUM</span> <span class='ocrx_word' id='word_1_136' title='bbox 820 1127 1112 1169; x_wconf 77' lang='lat' dir='ltr'>FUNDATOR,</span> <span class='ocrx_word' id='word_1_137' title='bbox 1134 1126 1445 1160; x_wconf 81' lang='lat' dir='ltr'>RENOVATOR</span> <span class='ocrx_word' id='word_1_138' title='bbox 1469 1126 1690 1158; x_wconf 82' lang='lat' dir='ltr'>OPTIMUS</span> 
     </span>
     <span class='ocr_line' id='line_1_30' title="bbox 447 1187 1690 1230; baseline -0.002 -8"><span class='ocrx_word' id='word_1_139' title='bbox 447 1189 681 1230; x_wconf 84' lang='lat' dir='ltr'>ZENONIS,</span> <span class='ocrx_word' id='word_1_140' title='bbox 704 1189 933 1230; x_wconf 69' lang='lat' dir='ltr'>PROCUffl,</span> <span class='ocrx_word' id='word_1_141' title='bbox 959 1188 1087 1229; x_wconf 87' lang='lat' dir='ltr'>VITI,</span> <span class='ocrx_word' id='word_1_142' title='bbox 1112 1189 1278 1228; x_wconf 84' lang='lat' dir='ltr'>PETRI,</span> <span class='ocrx_word' id='word_1_143' title='bbox 1301 1187 1368 1219; x_wconf 98' lang='lat' dir='ltr'>ET</span> <span class='ocrx_word' id='word_1_144' title='bbox 1392 1187 1690 1226; x_wconf 82' lang='lat' dir='ltr'>LAURENTII,</span> 
     </span>
    </p>

    <p class='ocr_par' dir='ltr' id='par_1_10' title="bbox 444 1248 1891 1472">
     <span class='ocr_line' id='line_1_31' title="bbox 444 1248 1694 1291; baseline -0.004 -7"><span class='ocrx_word' id='word_1_145' title='bbox 444 1250 531 1284; x_wconf 89' lang='lat' dir='ltr'>DEI</span> <span class='ocrx_word' id='word_1_146' title='bbox 555 1250 763 1291; x_wconf 81' lang='lat' dir='ltr'>QVOQVE</span> <span class='ocrx_word' id='word_1_147' title='bbox 786 1250 1092 1289; x_wconf 86' lang='lat' dir='ltr'>GENITRICIS,</span> <span class='ocrx_word' id='word_1_148' title='bbox 1117 1249 1323 1281; x_wconf 86' lang='lat' dir='ltr'>NECNON</span> <span class='ocrx_word' id='word_1_149' title='bbox 1348 1248 1413 1280; x_wconf 87' lang='lat' dir='ltr'>ET</span> <span class='ocrx_word' id='word_1_150' title='bbox 1437 1248 1694 1280; x_wconf 87' lang='lat' dir='ltr'>GREGORII.</span> 
     </span>
     <span class='ocr_line' id='line_1_32' title="bbox 450 1306 1891 1352; baseline -0.005 -8"><span class='ocrx_word' id='word_1_151' title='bbox 450 1312 702 1352; x_wconf 83' lang='lat' dir='ltr'>QVICQVID</span> <span class='ocrx_word' id='word_1_152' title='bbox 728 1312 881 1350; x_wconf 83' lang='lat' dir='ltr'>AURO,</span> <span class='ocrx_word' id='word_1_153' title='bbox 905 1310 998 1343; x_wconf 83' lang='lat' dir='ltr'>VEL</span> <span class='ocrx_word' id='word_1_154' title='bbox 1021 1310 1280 1348; x_wconf 85' lang='lat' dir='ltr'>ARGENTO,</span> <span class='ocrx_word' id='word_1_155' title='bbox 1303 1309 1370 1339; x_wconf 89' lang='lat' dir='ltr'>ET</span> <span class='ocrx_word' id='word_1_156' title='bbox 1394 1308 1639 1339; x_wconf 82' lang='lat' dir='ltr'>METALLIS</span> <span class='ocrx_word' id='word_1_157' title='bbox 1662 1306 1891 1346; x_wconf 80' lang='lat' dir='ltr'>CETERIS,</span> 
     </span>
     <span class='ocr_line' id='line_1_33' title="bbox 452 1367 1871 1412; baseline -0.004 -9"><span class='ocrx_word' id='word_1_158' title='bbox 452 1372 705 1412; x_wconf 70' lang='lat' dir='ltr'>QVICQVID</span> <span class='ocrx_word' id='word_1_159' title='bbox 730 1372 888 1404; x_wconf 77' lang='lat' dir='ltr'>LIGan</span> <span class='ocrx_word' id='word_1_160' title='bbox 912 1371 974 1402; x_wconf 90' lang='lat' dir='ltr'>EX</span> <span class='ocrx_word' id='word_1_161' title='bbox 999 1369 1235 1410; x_wconf 81' lang='lat' dir='ltr'>DIVERSIS‚</span> <span class='ocrx_word' id='word_1_162' title='bbox 1258 1369 1324 1400; x_wconf 90' lang='lat' dir='ltr'>ET</span> <span class='ocrx_word' id='word_1_163' title='bbox 1349 1367 1601 1399; x_wconf 81' lang='lat' dir='ltr'>MARMORE</span> <span class='ocrx_word' id='word_1_164' title='bbox 1624 1367 1871 1406; x_wconf 80' lang='lat' dir='ltr'>CANDIDO,</span> 
     </span>
     <span class='ocr_line' id='line_1_34' title="bbox 453 1427 1784 1472; baseline -0.003 -8"><span class='ocrx_word' id='word_1_165' title='bbox 453 1432 644 1464; x_wconf 82' lang='lat' dir='ltr'>NULLUS</span> <span class='ocrx_word' id='word_1_166' title='bbox 668 1431 891 1472; x_wconf 83' lang='lat' dir='ltr'>UNQUAM</span> <span class='ocrx_word' id='word_1_167' title='bbox 915 1431 987 1463; x_wconf 84' lang='lat' dir='ltr'>SIC</span> <span class='ocrx_word' id='word_1_168' title='bbox 1011 1430 1219 1462; x_wconf 84' lang='lat' dir='ltr'>PERITUS</span> <span class='ocrx_word' id='word_1_169' title='bbox 1243 1430 1297 1461; x_wconf 91' lang='lat' dir='ltr'>IN</span> <span class='ocrx_word' id='word_1_170' title='bbox 1319 1428 1508 1460; x_wconf 83' lang='lat' dir='ltr'>TANTIS</span> <span class='ocrx_word' id='word_1_171' title='bbox 1531 1427 1784 1460; x_wconf 81' lang='lat' dir='ltr'>OPERIBUS.</span> 
     </span>
    </p>

    <p class='ocr_par' dir='ltr' id='par_1_11' title="bbox 451 1491 1785 1586">
     <span class='ocr_line' id='line_1_35' title="bbox 451 1491 1591 1533; baseline -0.005 -8"><span class='ocrx_word' id='word_1_172' title='bbox 451 1497 516 1525; x_wconf 75' lang='lat' dir='ltr'>ms</span> <span class='ocrx_word' id='word_1_173' title='bbox 537 1497 757 1524; x_wconf 72' lang='grc' dir='ltr'>οεΝῖεΝος</span> <span class='ocrx_word' id='word_1_174' title='bbox 778 1497 943 1533; x_wconf 65' lang='lat' dir='ltr'>TERQVE</span> <span class='ocrx_word' id='word_1_175' title='bbox 964 1495 1089 1521; x_wconf 73' lang='grc' dir='ltr'><em>ςεΝος</em></span> <span class='ocrx_word' id='word_1_176' title='bbox 1109 1492 1364 1530; x_wconf 65' lang='lat' dir='ltr'>comcpsQJsE</span> <span class='ocrx_word' id='word_1_177' title='bbox 1386 1491 1591 1519; x_wconf 74' lang='lat' dir='ltr'>FECERAT.</span> 
     </span>
     <span class='ocr_line' id='line_1_36' title="bbox 455 1546 1785 1586; baseline -0.005 -1"><span class='ocrx_word' id='word_1_178' title='bbox 455 1552 788 1586; x_wconf 80' lang='lat' dir='ltr'>HOROLOGIUM</span> <span class='ocrx_word' id='word_1_179' title='bbox 814 1548 1140 1582; x_wconf 84' lang='lat' dir='ltr'>NOCTURNUM</span> <span class='ocrx_word' id='word_1_180' title='bbox 1165 1547 1352 1580; x_wconf 86' lang='lat' dir='ltr'>NULLUS</span> <span class='ocrx_word' id='word_1_181' title='bbox 1377 1547 1515 1579; x_wconf 84' lang='lat' dir='ltr'>ANTE</span> <span class='ocrx_word' id='word_1_182' title='bbox 1541 1546 1785 1579; x_wconf 83' lang='lat' dir='ltr'>VIDERAT.</span> 
     </span>
    </p>

    <p class='ocr_par' dir='ltr' id='par_1_12' title="bbox 457 1605 1880 1772">
     <span class='ocr_line' id='line_1_37' title="bbox 457 1605 1880 1648; baseline -0.004 -3"><span class='ocrx_word' id='word_1_183' title='bbox 457 1613 525 1645; x_wconf 88' lang='lat' dir='ltr'>EN</span> <span class='ocrx_word' id='word_1_184' title='bbox 551 1611 766 1644; x_wconf 86' lang='lat' dir='ltr'>INVENIT</span> <span class='ocrx_word' id='word_1_185' title='bbox 791 1609 1176 1648; x_wconf 83' lang='lat' dir='ltr'>ARGUMENTUM‚</span> <span class='ocrx_word' id='word_1_186' title='bbox 1201 1609 1267 1641; x_wconf 89' lang='lat' dir='ltr'>ET</span> <span class='ocrx_word' id='word_1_187' title='bbox 1291 1608 1493 1640; x_wconf 84' lang='lat' dir='ltr'>PRIMUM</span> <span class='ocrx_word' id='word_1_188' title='bbox 1518 1605 1880 1641; x_wconf 76' lang='lat' dir='ltr'>FUNDAVERAT‚</span> 
     </span>
     <span class='ocr_line' id='line_1_38' title="bbox 457 1672 1491 1708; baseline -0.006 -4"><span class='ocrx_word' id='word_1_189' title='bbox 457 1676 628 1705; x_wconf 63' lang='lat' dir='ltr'>GLOIAM</span> <span class='ocrx_word' id='word_1_190' title='bbox 646 1677 815 1703; x_wconf 65' lang='lat' dir='ltr'>VfoRzr</span> <span class='ocrx_word' id='word_1_191' title='bbox 837 1676 890 1703; x_wconf 77' lang='lat' dir='ltr'>ET</span> <span class='ocrx_word' id='word_1_192' title='bbox 912 1675 1009 1703; x_wconf 76' lang='lat' dir='ltr'>NOVI</span> <span class='ocrx_word' id='word_1_193' title='bbox 1031 1673 1302 1701; x_wconf 67' lang='lat' dir='ltr'>TfrrAmrer</span> <span class='ocrx_word' id='word_1_194' title='bbox 1326 1672 1468 1700; x_wconf 64' lang='grc' dir='ltr'><em>νοτυιτ</em></span> <span class='ocrx_word' id='word_1_195' title='bbox 1482 1692 1491 1708; x_wconf 83' lang='grc'><em>,</em></span> 
     </span>
     <span class='ocr_line' id='line_1_39' title="bbox 460 1728 1643 1772; baseline -0.005 -6"><span class='ocrx_word' id='word_1_196' title='bbox 460 1732 849 1772; x_wconf 80' lang='lat' dir='ltr'>HOROLOGIOQVE</span> <span class='ocrx_word' id='word_1_197' title='bbox 871 1735 1053 1764; x_wconf 68' lang='lat' dir='ltr'>CARMEN</span> <span class='ocrx_word' id='word_1_198' title='bbox 1076 1734 1214 1762; x_wconf 64' lang='lat' dir='ltr'>IPERAE</span> <span class='ocrx_word' id='word_1_199' title='bbox 1236 1733 1357 1761; x_wconf 69' lang='lat' dir='ltr'>COELI</span> <span class='ocrx_word' id='word_1_200' title='bbox 1378 1728 1643 1769; x_wconf 81' lang='lat' dir='ltr'>OPTIMUM,</span> 
     </span>
    </p>

    <p class='ocr_par' dir='ltr' id='par_1_13' title="bbox 460 1789 1559 1834">
     <span class='ocr_line' id='line_1_40' title="bbox 460 1789 1559 1834; baseline -0.005 -8"><span class='ocrx_word' id='word_1_201' title='bbox 460 1794 623 1827; x_wconf 86' lang='lat' dir='ltr'>PLVRA</span> <span class='ocrx_word' id='word_1_202' title='bbox 646 1793 761 1826; x_wconf 86' lang='lat' dir='ltr'>ALIA</span> <span class='ocrx_word' id='word_1_203' title='bbox 785 1796 1022 1834; x_wconf 64' lang='lat' dir='ltr'>GRAFJAQVE</span> <span class='ocrx_word' id='word_1_204' title='bbox 1048 1791 1268 1823; x_wconf 74' lang='lat' dir='ltr'>PRUDENS</span> <span class='ocrx_word' id='word_1_205' title='bbox 1293 1789 1559 1822; x_wconf 86' lang='lat' dir='ltr'>INVENIET.</span> 
     </span>
    </p>

    <p class='ocr_par' dir='ltr' id='par_1_14' title="bbox 464 1849 1853 2132">
     <span class='ocr_line' id='line_1_41' title="bbox 464 1849 1851 1891; baseline -0.003 -5"><span class='ocrx_word' id='word_1_206' title='bbox 464 1853 590 1886; x_wconf 84' lang='lat' dir='ltr'>TRES</span> <span class='ocrx_word' id='word_1_207' title='bbox 614 1853 680 1886; x_wconf 84' lang='lat' dir='ltr'>ET</span> <span class='ocrx_word' id='word_1_208' title='bbox 704 1853 863 1886; x_wconf 88' lang='lat' dir='ltr'>DECIM</span> <span class='ocrx_word' id='word_1_209' title='bbox 887 1852 1031 1885; x_wconf 88' lang='lat' dir='ltr'>VIXIT</span> <span class='ocrx_word' id='word_1_210' title='bbox 1056 1852 1265 1891; x_wconf 86' lang='lat' dir='ltr'>LUSTRA,</span> <span class='ocrx_word' id='word_1_211' title='bbox 1289 1851 1412 1883; x_wconf 84' lang='lat' dir='ltr'>TRES</span> <span class='ocrx_word' id='word_1_212' title='bbox 1436 1850 1597 1882; x_wconf 87' lang='lat' dir='ltr'>ANNOS</span> <span class='ocrx_word' id='word_1_213' title='bbox 1621 1849 1851 1882; x_wconf 77' lang='lat' dir='ltr'><strong>AMPLIUS.</strong></span> 
     </span>
     <span class='ocr_line' id='line_1_42' title="bbox 466 1908 1853 1954; baseline -0.004 -8"><span class='ocrx_word' id='word_1_214' title='bbox 466 1913 841 1954; x_wconf 86' lang='lat' dir='ltr'>QVADRAGINTA</span> <span class='ocrx_word' id='word_1_215' title='bbox 865 1913 932 1944; x_wconf 86' lang='lat' dir='ltr'>ET</span> <span class='ocrx_word' id='word_1_216' title='bbox 955 1913 1078 1944; x_wconf 89' lang='lat' dir='ltr'>TRES</span> <span class='ocrx_word' id='word_1_217' title='bbox 1101 1912 1263 1944; x_wconf 70' lang='lat' dir='ltr'>ANNOS</span> <span class='ocrx_word' id='word_1_218' title='bbox 1286 1911 1403 1943; x_wconf 76' lang='lat' dir='ltr'>FUIT</span> <span class='ocrx_word' id='word_1_219' title='bbox 1428 1908 1853 1942; x_wconf 78' lang='lat' dir='ltr'>ARCHIDIACONUS.</span> 
     </span>
     <span class='ocr_line' id='line_1_43' title="bbox 465 1970 1833 2009; baseline -0.004 -2"><span class='ocrx_word' id='word_1_220' title='bbox 465 1974 683 2007; x_wconf 84' lang='lat' dir='ltr'>SEPTIMO</span> <span class='ocrx_word' id='word_1_221' title='bbox 705 1974 943 2006; x_wconf 81' lang='lat' dir='ltr'>VICESIMO</span> <span class='ocrx_word' id='word_1_222' title='bbox 965 1973 1157 2005; x_wconf 73' lang='grc' dir='ltr'>ᾹΞΤΑΤῐς</span> <span class='ocrx_word' id='word_1_223' title='bbox 1181 1974 1321 2004; x_wconf 87' lang='lat' dir='ltr'>ANNO</span> <span class='ocrx_word' id='word_1_224' title='bbox 1344 1971 1548 2004; x_wconf 67' lang='lat' dir='ltr'>CAESARIS</span> <span class='ocrx_word' id='word_1_225' title='bbox 1574 1970 1833 2009; x_wconf 67' lang='lat' dir='ltr'>LOTHAMI,</span> 
     </span>
     <span class='ocr_line' id='line_1_44' title="bbox 467 2029 1830 2073; baseline -0.004 -6"><span class='ocrx_word' id='word_1_226' title='bbox 467 2035 604 2068; x_wconf 85' lang='lat' dir='ltr'>MOLE</span> <span class='ocrx_word' id='word_1_227' title='bbox 626 2035 806 2067; x_wconf 87' lang='lat' dir='ltr'>CARNIS</span> <span class='ocrx_word' id='word_1_228' title='bbox 829 2034 918 2066; x_wconf 86' lang='lat' dir='ltr'>EST</span> <span class='ocrx_word' id='word_1_229' title='bbox 941 2034 1174 2073; x_wconf 87' lang='lat' dir='ltr'>SOLUTUS,</span> <span class='ocrx_word' id='word_1_230' title='bbox 1199 2032 1447 2064; x_wconf 81' lang='lat' dir='ltr'>PERREXIT</span> <span class='ocrx_word' id='word_1_231' title='bbox 1476 2032 1539 2063; x_wconf 89' lang='lat' dir='ltr'>AD</span> <span class='ocrx_word' id='word_1_232' title='bbox 1564 2029 1830 2063; x_wconf 86' lang='lat' dir='ltr'>DOMINUM.</span> 
     </span>
     <span class='ocr_line' id='line_1_45' title="bbox 470 2092 1668 2132; baseline -0.004 -4"><span class='ocrx_word' id='word_1_233' title='bbox 470 2095 610 2128; x_wconf 85' lang='lat' dir='ltr'>NONO</span> <span class='ocrx_word' id='word_1_234' title='bbox 633 2095 756 2127; x_wconf 84' lang='lat' dir='ltr'>SANE</span> <span class='ocrx_word' id='word_1_235' title='bbox 778 2094 1128 2127; x_wconf 86' lang='lat' dir='ltr'>CALENDARUM</span> <span class='ocrx_word' id='word_1_236' title='bbox 1151 2094 1288 2126; x_wconf 76' lang='lat' dir='ltr'>OBIIT</span> <span class='ocrx_word' id='word_1_237' title='bbox 1315 2092 1668 2132; x_wconf 77' lang='lat' dir='ltr'>DECEMBRIUM,</span> 
     </span>
    </p>

    <p class='ocr_par' dir='ltr' id='par_1_15' title="bbox 472 2151 1970 2439">
     <span class='ocr_line' id='line_1_46' title="bbox 472 2151 1785 2195; baseline -0.004 -7"><span class='ocrx_word' id='word_1_238' title='bbox 472 2156 643 2188; x_wconf 84' lang='lat' dir='ltr'>NOCTE</span> <span class='ocrx_word' id='word_1_239' title='bbox 666 2156 882 2195; x_wconf 82' lang='lat' dir='ltr'>SANCTA,</span> <span class='ocrx_word' id='word_1_240' title='bbox 905 2155 1006 2195; x_wconf 83' lang='lat' dir='ltr'>QVE</span> <span class='ocrx_word' id='word_1_241' title='bbox 1030 2155 1270 2187; x_wconf 81' lang='lat' dir='ltr'>VOCATVR</span> <span class='ocrx_word' id='word_1_242' title='bbox 1297 2156 1325 2186; x_wconf 92' lang='lat' dir='ltr'>A</span> <span class='ocrx_word' id='word_1_243' title='bbox 1351 2154 1490 2186; x_wconf 78' lang='lat' dir='ltr'>NOBIS</span> <span class='ocrx_word' id='word_1_244' title='bbox 1513 2151 1785 2185; x_wconf 74' lang='lat' dir='ltr'>DOMINICA.</span> 
     </span>
     <span class='ocr_line' id='line_1_47' title="bbox 475 2211 1818 2256; baseline -0.005 -7"><span class='ocrx_word' id='word_1_245' title='bbox 475 2217 679 2249; x_wconf 85' lang='lat' dir='ltr'>LUGENT</span> <span class='ocrx_word' id='word_1_246' title='bbox 704 2217 909 2256; x_wconf 87' lang='lat' dir='ltr'>QVOQVE</span> <span class='ocrx_word' id='word_1_247' title='bbox 932 2215 1247 2248; x_wconf 83' lang='lat' dir='ltr'>SACERDOTES</span> <span class='ocrx_word' id='word_1_248' title='bbox 1270 2215 1336 2246; x_wconf 89' lang='lat' dir='ltr'>ET</span> <span class='ocrx_word' id='word_1_249' title='bbox 1360 2214 1589 2246; x_wconf 82' lang='lat' dir='ltr'>MINISTRI</span> <span class='ocrx_word' id='word_1_250' title='bbox 1614 2211 1818 2244; x_wconf 80' lang='lat' dir='ltr'>OPTIMI:</span> 
     </span>
     <span class='ocr_line' id='line_1_48' title="bbox 475 2273 1692 2316; baseline -0.004 -7"><span class='ocrx_word' id='word_1_251' title='bbox 475 2278 584 2316; x_wconf 82' lang='lat' dir='ltr'>EJUS</span> <span class='ocrx_word' id='word_1_252' title='bbox 608 2277 784 2309; x_wconf 84' lang='lat' dir='ltr'>MORTE</span> <span class='ocrx_word' id='word_1_253' title='bbox 809 2277 978 2308; x_wconf 83' lang='lat' dir='ltr'>NEMPE</span> <span class='ocrx_word' id='word_1_254' title='bbox 1000 2276 1163 2308; x_wconf 86' lang='lat' dir='ltr'>DOLET</span> <span class='ocrx_word' id='word_1_255' title='bbox 1188 2275 1440 2308; x_wconf 82' lang='lat' dir='ltr'>INFINITUS</span> <span class='ocrx_word' id='word_1_256' title='bbox 1464 2273 1692 2305; x_wconf 81' lang='lat' dir='ltr'>POPULUS.</span> 
     </span>
     <span class='ocr_line' id='line_1_49' title="bbox 476 2329 1970 2378; baseline -0.006 -8"><span class='ocrx_word' id='word_1_257' title='bbox 476 2337 694 2371; x_wconf 74' lang='lat' dir='ltr'>VESTROS</span> <span class='ocrx_word' id='word_1_258' title='bbox 717 2337 862 2369; x_wconf 81' lang='lat' dir='ltr'>PEDES</span> <span class='ocrx_word' id='word_1_259' title='bbox 885 2337 1032 2378; x_wconf 80' lang='lat' dir='ltr'>QUASI</span> <span class='ocrx_word' id='word_1_260' title='bbox 1056 2337 1268 2375; x_wconf 81' lang='lat' dir='ltr'>TENENS,</span> <span class='ocrx_word' id='word_1_261' title='bbox 1293 2334 1484 2375; x_wconf 72' lang='lat' dir='ltr'>VOSQVE</span> <span class='ocrx_word' id='word_1_262' title='bbox 1508 2332 1697 2364; x_wconf 85' lang='lat' dir='ltr'>PRECOR</span> <span class='ocrx_word' id='word_1_263' title='bbox 1722 2329 1970 2370; x_wconf 80' lang='lat' dir='ltr'>CERNUUS,</span> 
     </span>
     <span class='ocr_line' id='line_1_50' title="bbox 478 2394 1652 2439; baseline -0.004 -8"><span class='ocrx_word' id='word_1_264' title='bbox 478 2399 510 2431; x_wconf 95' lang='lat' dir='ltr'>O</span> <span class='ocrx_word' id='word_1_265' title='bbox 535 2398 801 2439; x_wconf 83' lang='lat' dir='ltr'>LECTORES,</span> <span class='ocrx_word' id='word_1_266' title='bbox 824 2397 1074 2436; x_wconf 80' lang='lat' dir='ltr'>EXORARE‚</span> <span class='ocrx_word' id='word_1_267' title='bbox 1097 2398 1271 2438; x_wconf 85' lang='lat' dir='ltr'>QVESO,</span> <span class='ocrx_word' id='word_1_268' title='bbox 1295 2397 1387 2428; x_wconf 83' lang='lat' dir='ltr'>PRO</span> <span class='ocrx_word' id='word_1_269' title='bbox 1410 2394 1652 2427; x_wconf 76' lang='lat' dir='ltr'>PACIFICO.</span> 
     </span>
    </p>

    <p class='ocr_par' dir='ltr' id='par_1_16' title="bbox 398 2454 1718 2500">
     <span class='ocr_line' id='line_1_51' title="bbox 398 2454 1718 2500; baseline -0.006 -6"><span class='ocrx_word' id='word_1_270' title='bbox 398 2461 503 2500; x_wconf 68' lang='lat' dir='ltr'>HIC,</span> <span class='ocrx_word' id='word_1_271' title='bbox 525 2460 676 2500; x_wconf 85' lang='lat' dir='ltr'>ROGO,</span> <span class='ocrx_word' id='word_1_272' title='bbox 698 2458 987 2491; x_wconf 78' lang='lat' dir='ltr'>PAUXILLUM</span> <span class='ocrx_word' id='word_1_273' title='bbox 1010 2459 1221 2491; x_wconf 84' lang='lat' dir='ltr'>VENIENS</span> <span class='ocrx_word' id='word_1_274' title='bbox 1245 2457 1484 2495; x_wconf 82' lang='lat' dir='ltr'>SUBSISTE,</span> <span class='ocrx_word' id='word_1_275' title='bbox 1510 2454 1718 2494; x_wconf 70' lang='lat' dir='ltr'>VIATOR„</span> 
     </span>
    </p>

    <p class='ocr_par' dir='ltr' id='par_1_17' title="bbox 482 2517 1538 2553">
     <span class='ocr_line' id='line_1_52' title="bbox 482 2517 1538 2553; baseline -0.004 0"><span class='ocrx_word' id='word_1_276' title='bbox 482 2521 549 2553; x_wconf 90' lang='lat' dir='ltr'>ET</span> <span class='ocrx_word' id='word_1_277' title='bbox 573 2521 680 2552; x_wconf 86' lang='lat' dir='ltr'>MEA</span> <span class='ocrx_word' id='word_1_278' title='bbox 702 2519 964 2552; x_wconf 84' lang='lat' dir='ltr'>SCRUTARE</span> <span class='ocrx_word' id='word_1_279' title='bbox 987 2520 1213 2551; x_wconf 86' lang='lat' dir='ltr'>PECTORE</span> <span class='ocrx_word' id='word_1_280' title='bbox 1238 2518 1392 2551; x_wconf 83' lang='lat' dir='ltr'>DICTA</span> <span class='ocrx_word' id='word_1_281' title='bbox 1417 2517 1538 2549; x_wconf 89' lang='lat' dir='ltr'>TUO.</span> 
     </span>
    </p>

    <p class='ocr_par' dir='ltr' id='par_1_18' title="bbox 401 2575 1738 2625">
     <span class='ocr_line' id='line_1_53' title="bbox 401 2575 1738 2625; baseline -0.006 -10"><span class='ocrx_word' id='word_1_282' title='bbox 401 2582 541 2625; x_wconf 81' lang='lat' dir='ltr'>QVOD</span> <span class='ocrx_word' id='word_1_283' title='bbox 563 2581 704 2613; x_wconf 87' lang='lat' dir='ltr'>NUNC</span> <span class='ocrx_word' id='word_1_284' title='bbox 727 2581 797 2620; x_wconf 87' lang='lat' dir='ltr'>ES,</span> <span class='ocrx_word' id='word_1_285' title='bbox 819 2580 1041 2620; x_wconf 79' lang='lat' dir='ltr'>FUERAM‚</span> <span class='ocrx_word' id='word_1_286' title='bbox 1063 2580 1279 2613; x_wconf 76' lang='lat' dir='ltr'>FAMOSUS</span> <span class='ocrx_word' id='word_1_287' title='bbox 1303 2579 1353 2611; x_wconf 87' lang='lat' dir='ltr'>IN</span> <span class='ocrx_word' id='word_1_288' title='bbox 1379 2577 1503 2609; x_wconf 81' lang='lat' dir='ltr'>ORBE</span> <span class='ocrx_word' id='word_1_289' title='bbox 1529 2575 1738 2608; x_wconf 81' lang='lat' dir='ltr'>VIATOR:</span> 
     </span>
    </p>

    <p class='ocr_par' dir='ltr' id='par_1_19' title="bbox 483 2636 1728 2684">
     <span class='ocr_line' id='line_1_54' title="bbox 483 2636 1728 2684; baseline -0.004 -8"><span class='ocrx_word' id='word_1_290' title='bbox 483 2642 552 2676; x_wconf 80' lang='lat' dir='ltr'>ET</span> <span class='ocrx_word' id='word_1_291' title='bbox 574 2642 711 2684; x_wconf 79' lang='lat' dir='ltr'>QVOD</span> <span class='ocrx_word' id='word_1_292' title='bbox 734 2642 874 2675; x_wconf 83' lang='lat' dir='ltr'>NUNC</span> <span class='ocrx_word' id='word_1_293' title='bbox 897 2642 993 2676; x_wconf 85' lang='lat' dir='ltr'>EGO</span> <span class='ocrx_word' id='word_1_294' title='bbox 1015 2640 1134 2683; x_wconf 78' lang='lat' dir='ltr'>SUM.</span> <span class='ocrx_word' id='word_1_295' title='bbox 1157 2640 1332 2683; x_wconf 78' lang='lat' dir='ltr'>TUQVE</span> <span class='ocrx_word' id='word_1_296' title='bbox 1355 2638 1582 2673; x_wconf 82' lang='lat' dir='ltr'>FUTURUS</span> <span class='ocrx_word' id='word_1_297' title='bbox 1605 2636 1728 2671; x_wconf 75' lang='lat' dir='ltr'>ERIS.</span> 
     </span>
    </p>
   </div>
  </div>
 </body>
</html>
