2216 3100
269 193 347 232 241
568 173 756 216 DJSSER
764 173 833 213 TA
841 172 932 212 wo
976 166 1185 225 QJADR
1197 165 1462 209 JGESIMAs
1685 182 1706 211 2
1714 180 1765 221 4²

211 235 283 270 cs'mi
304 261 312 270 .
349 236 469 280 quue
510 230 619 278 magis
657 229 692 265 id
730 228 819 264 mihi
861 229 965 265 licuit
997 231 1028 263 A
1072 224 1228 260 ciendam
1257 222 1378 265 fuisse,
1406 232 1508 270 atque
1536 224 1572 259 in
1596 233 1727 261 veteres
1747 225 1824 260 Au*

196 283 383 322 scribere,
411 280 690 328 quandoquidem
721 292 790 314 non
819 280 858 314 ad
890 281 961 314 An·
1071 275 1181 310 &ores
1212 274 1361 310 Latinae
1388 272 1548 320 Linguae
1585 287 1702 320 parum
1739 287 1825 323 gna-

211 348 294 371 num
327 333 501 369 DCCCC.
529 331 663 379 conjeci
692 329 853 377 scriptam
885 332 964 364 Sm—
1071 338 1150 369 τος,
1178 326 1211 360 ἃ
1240 323 1277 359 in
1305 323 1486 360 Librarios
1524 322 1714 359 foediffime
1751 337 1826 358 cae-

211 386 260 421 &ti
297 381 500 419 Geminiani
542 381 689 423 Vitam,
727 379 781 416 sed
823 379 964 427 quidem
1074 376 1239 425 spirantes
1264 373 1524 421 ‚rejiciendos
1566 374 1630 409 effe
1671 387 1826 416 errores,

209 437 254 471 ad
278 437 413 470 ,Annum
443 434 630 466 DCCCCX.
661 444 762 479 quem
793 439 965 479 praeterea
1079 427 1206 474 quibus
1253 424 1398 471 antiqua
1440 423 1615 471 Opuscula
1656 423 1786 458 scatent
1815 433 1828 470 ;

208 498 252 520 ne
280 485 374 518 certo
401 483 541 528 quidem
570 480 772 529 designavi,
800 493 878 516 nam
909 481 957 515 adr
1076 478 1173 526 juvat
1189 475 1266 512 heic
1283 476 1431 524 adjicere
1447 477 1595 510 alterum
1610 473 1827 519 Rhythmum

208 533 284 570 didi
311 536 538 568 CIRCITER
556 560 566 575 ,
594 531 738 568 LcS’tori
767 531 804 566 ea
831 531 967 566 ratione
1074 527 1225 574 ejusdem
1255 526 1367 562 Metri
1386 553 1395 570 ‚
1424 538 1600 572 nunquam
1631 535 1730 560 antea
1757 523 1830 559 edi-

213 585 360 620 innuens
387 607 397 623 ,
439 583 545 618 serius
585 583 691 617 etiam
735 581 835 616 statui
878 582 968 628 posse
1076 588 1179 622 tum,
1216 587 1320 623 atque
1347 585 1550 623 excerptum
1578 588 1620 610 ex
1650 574 1832 610 vetustissi-

211 634 399 684 Seriptoris
420 643 590 669 aetatem.
619 633 680 668 Sed
703 645 788 680 ego,
817 631 839 666 si
870 633 967 679 plura
1076 642 1134 664 mo
1174 626 1312 663 Codice
1350 626 1536 661 Veronensi
1579 639 1638 673 per
1677 625 1832 672 Campa-

208 686 390 728 adderem‚
428 697 539 731 neque
565 683 756 730 temporis,
794 695 905 729 neque
933 695 965 717 a·
1001 681 1028 715 Β
1075 679 1215 727 gnolam
1244 677 1425 713 eumdem.
1464 677 1612 712 Nullum
1650 690 1714 724 ego
1751 676 1831 710 inde

207 736 321 771 lienae
360 734 549 782 patientiae
590 746 645 769 me
687 746 801 768 curam
841 721 995 768 haberei
1045 721 1049 762 l
1077 730 1229 772 vitium,
1258 740 1469 776 quamquam
1508 728 1542 763 in
1572 728 1692 762 oculos
1721 727 1833 761 multa

1078 781 1279 821 incurrant.
1317 778 1453 814 sustuli.
1494 778 1630 813 Primae
1667 777 1833 820 Stropha-

1077 844 1152 867 rum
1194 830 1315 865 literae
1358 828 1590 864 Acrostichon
1635 827 1833 870 exhibent,

1078 894 1199 927 nempe
1237 882 1573 918 GAIDHADLUS',
1611 879 1670 925 qui
1711 879 1834 912 Parro-

1079 931 1160 966 chus
1190 929 1376 965 Veronensi
1414 930 1450 965 in
1482 931 1576 965 Urbe
1611 929 1709 964 fuisse
1737 928 1835 963 vide-

1050 979 1058 1027 }
1081 992 1158 1026 tur,
1186 990 1290 1029 atque
1317 980 1420 1029 ipfius
1449 979 1622 1026 Rhythmi
1649 978 1808 1016 Auctor:

209 786 387 834 proderem
405 812 414 820 .
443 787 535 832 Ergo
572 782 678 820 satius
706 783 776 823 est,
812 783 958 819 interru-

207 846 307 885 ptum
336 836 404 872 iter
430 846 583 882 reperere
599 862 607 871 .

260 889 310 921 Ut
337 896 454 922 autem
482 885 697 921 luculentius
725 893 868 931 pateat,
898 883 960 919 im-

207 936 370 986 peritiam
416 936 542 971 veteris
585 935 771 982 scripturae
812 934 965 981 Campa·-

207 988 332 1035 gnolae
360 987 458 1034 supra
486 994 679 1020 memorato
707 984 855 1020 minime
874 985 967 1032 obji-

308 1111 333 1128 „
361 1082 495 1122 Gracia
522 1085 654 1121 excelsa
685 1085 770 1133 Regi
802 1083 986 1120 referamus
1014 1082 1164 1131 pariter,

463 1163 487 1179 ,‚
515 1137 589 1180 Qui
619 1149 679 1169 nos
707 1136 743 1170 in
773 1147 879 1168 unum
908 1133 1157 1180 congregavit,
1186 1142 1220 1168 te
1248 1132 1427 1168 laudamus
1456 1131 1633 1172 Domine,

454 1211 478 1227 ,‚
508 1185 563 1219 Ut
593 1183 753 1229 poffimus
783 1182 942 1217 invenire
970 1183 1125 1228 requiem
1156 1182 1192 1216 in
1221 1182 1372 1217 seculum
1392 1207 1401 1217 .
1636 1195 1640 1198 ·

309 1260 334 1281 „
361 1230 422 1269 Ad
451 1235 520 1269 alta
549 1234 622 1268 sede
651 1233 858 1280 postulemus
887 1231 1022 1267 summo
1054 1231 1119 1265 Dei
1149 1230 1248 1274 filio,

461 1309 484 1328 ,‚
513 1283 570 1319 Ut
598 1283 656 1318 suo
684 1284 826 1319 mittere
853 1282 1016 1331 dignetur
1045 1282 1222 1328 Angelum
1254 1280 1470 1328 perspicuum

452 1360 475 1378 „
505 1333 562 1369 Ad
590 1333 857 1382 expugnandum
889 1332 1134 1381 expellendum
1164 1330 1268 1365 hostis
1297 1330 1577 1378 antiquiffimus.

310 1413 334 1431 „
362 1381 509 1422 Invidus
537 1386 598 1419 ille
627 1394 820 1430 temptator
846 1383 954 1418 fallax
983 1392 1087 1429 atque
1116 1380 1270 1429 perditus

462 1462 487 1480 ‚‚
516 1437 655 1481 Semper
684 1434 781 1480 cupit
809 1433 1002 1469 discordare
1030 1431 1280 1468 concordantes
1309 1430 1494 1467 fratribus.

469 1512 493 1529 „
523 1487 574 1520 Ut
603 1483 702 1529 poffit
730 1484 878 1532 gratiam
909 1483 1032 1519 mereri
1060 1493 1140 1518 ante
1167 1495 1317 1530 nequam
1347 1482 1569 1530 Principem.

312 1560 335 1577 „
362 1531 543 1572 Dominus
571 1544 675 1582 atque
703 1536 885 1578 Salvator,
914 1533 1006 1580 quod
1036 1532 1131 1569 suum
1160 1533 1309 1569 redemit
1337 1533 1565 1580 sanguinem,

464 1613 487 1631 ‚,
517 1587 556 1620 In
585 1584 641 1620 sua
670 1584 801 1633 semper
829 1584 996 1632 potestate
1024 1583 1195 1620 reservare
1222 1583 1378 1627 animas,

464 1664 487 1681 ‚,
517 1638 567 1671 Ut
595 1648 656 1671 nec
685 1648 772 1670 unus
802 1645 934 1681 praeter
961 1647 1039 1671 eum
1071 1634 1271 1683 potestatem
1301 1633 1444 1669 habeat.

315 1715 338 1734 ‚,
367 1683 500 1724 Honor
528 1686 583 1722 illi
610 1687 642 1721 δ(
674 1685 817 1733 potestas
846 1687 882 1721 in
911 1696 1090 1722 aeternum
1120 1694 1321 1733 permanet,

463 1766 487 1783 „
515 1737 589 1783 Qui
617 1750 678 1772 nos
708 1736 877 1772 Pastorem
907 1736 1005 1785 super
1032 1749 1170 1784 gregem
1201 1748 1323 1770 vocare
1351 1734 1512 1781 dignatus
1540 1734 1607 1778 est,

462 1816 486 1832 „
515 1788 570 1823 Ut
600 1787 708 1822 salvas
735 1801 818 1823 oves
847 1786 1084 1835 consignemus
1114 1796 1192 1821 ante
1221 1785 1293 1834 ejus
1321 1786 1464 1828 oculos,

310 1866 335 1884 ‚,
362 1834 493 1874 Almus
521 1838 583 1873 ille
611 1837 805 1885 speculator
832 1839 994 1874 Sacerdos
1026 1837 1061 1872 in
1093 1836 1228 1877 Populo

462 1915 486 1933 ,‚
514 1890 654 1935 Semper
681 1887 804 1933 adstat,
832 1888 1038 1935 superadstat
1065 1886 1162 1935 supra
1191 1898 1351 1935 gregem,
1380 1891 1512 1935 pugnat
1536 1892 1657 1922 contra
1683 1884 1834 1935 impios,

463 1963 486 1983 ‚,
515 1937 571 1973 Ut
599 1951 660 1973 nec
688 1952 754 1974 una
783 1938 884 1986 poffit
911 1952 994 1975 oves
1021 1951 1138 1982 rapere
1165 1937 1206 1972 de
1234 1937 1416 1985 gregibus.

309 2015 334 2035 ,‚
361 1984 499 2025 Divina
528 1989 678 2035 Templa
707 1993 866 2024 coeuntes
896 1988 1100 2035 suspiremus
1129 1987 1278 2034 pariter,

460 2063 485 2084 ‚,
515 2040 728 2087 populorum
757 2039 851 2087 gregi
880 2038 1097 2074 obsecrantes
1127 2050 1188 2083 pro
1217 2037 1327 2071 nostra
1355 2035 1532 2077 facinora,

461 2117 485 2134 ‚,
513 2089 570 2125 Ut
599 2088 668 2133 ipse
698 2089 773 2138 pius
802 2089 990 2124 Miserator
1017 2088 1124 2123 donet
1152 2086 1430 2135 indulgentiam.

310 2165 334 2186 ‚,
363 2136 493 2176 Libare
522 2142 597 2174 Deo
624 2138 814 2175 studeamus
842 2139 986 2175 hostiam
1016 2152 1078 2187 pro
1106 2137 1294 2182 fratribus,

459 2214 484 2234 ‚‚
513 2191 564 2225 Ut
590 2199 671 2225 ante
697 2203 774 2225 eum
805 2199 978 2225 mereatur
1006 2199 1141 2237 portare
1169 2188 1388 2235 manipulos,

464 2265 487 2285 „
514 2243 635 2288 Atque
663 2241 703 2275 de
731 2241 902 2276 talentum
931 2242 1067 2275 lucrum
1095 2238 1331 2288 consignemus
1359 2238 1566 2289 geminum.

307 2316 331 2338 „
357 2287 562 2342 vigilemus
590 2292 623 2326 δ(
651 2303 788 2327 oremus
816 2291 1048 2339 unusquisque
1075 2303 1137 2338 pro
1164 2291 1258 2334 alio,

462 2367 485 2387 „
514 2344 565 2377 Ut
595 2341 756 2389 poffimus
784 2341 944 2377 invenire
971 2341 1126 2389 requiem
1155 2340 1192 2376 in
1221 2340 1373 2377 seculum
1392 2367 1402 2386 ,

459 2418 482 2436 ,‚
511 2395 631 2440 Atque
661 2394 771 2428 vitam
801 2391 988 2438 possidere,
1016 2405 1120 2440 quam
1149 2390 1242 2427 misit
1271 2393 1466 2428 Dominus.

309 2450 335 2490 ‘‚‚
360 2437 514 2480 Summo>
538 2443 624 2492 Regi
653 2442 859 2491 postulemus
889 2456 950 2492 pro
977 2442 1181 2478 cunfi’torum
1210 2441 1334 2478 scelere
1351 2466 1362 2483 ‚

462 2520 488 2537 ‚,
516 2495 561 2528 Et
588 2495 628 2528 de
657 2493 767 2529 nostra
797 2507 988 2529 mereamur
1015 2493 1176 2529 invenire
1205 2493 1344 2528 veniam

461 2565 484 2580 υ
514 2545 577 2578 Per
603 2555 706 2587 eum,
734 2544 795 2590 qui
824 2544 954 2592 semper
982 2543 1075 2580 vivit
1102 2545 1134 2577 δε
1165 2551 1284 2590 regnat
1314 2542 1349 2576 in
1378 2540 1509 2576 secula.

310 2593 396 2627 Tom.
426 2593 515 2627 VIII.
1123 2595 1167 2637 Q
1684 2616 1708 2635 n
1735 2595 1782 2627 T‘
