2216 3100
402 232 482 270 491

748 213 1115 272 AerQJJT.
1155 212 1372 255 MEDJJ
1405 214 1566 259 Αενι

1824 235 1906 273 492

344 276 550 317 Poetarum,
579 272 833 310 Historicorum
850 301 860 318 ,
887 276 1098 315 oratorum,
1133 275 1168 309 A
1209 281 1287 307 tus.
1317 272 1409 308 Heic
1436 282 1551 311 autem
1581 283 1703 324 petas,
1730 289 1791 313 cur
1817 281 1922 326 ulque
1948 293 1967 317 e

341 325 454 360 immo
474 327 506 360 8<
528 324 629 373 ipfius
652 324 763 360 sacrae
779 326 996 372 scripturae,
1014 326 1096 358 San-

341 376 548 424 &orumque
590 377 731 410 Pati-um
773 375 902 411 Libros
942 373 1095 420 explica-

340 437 438 462 rent:
477 440 565 474 quae
606 425 818 461 consuetudo
860 426 895 461 in
938 425 1096 460 Castellis

339 479 519 513 nonnullis
541 476 650 511 nostra
670 476 780 511 adhuc
800 475 999 523 tempestate
1022 488 1092 521 per-

339 528 458 563 durat.
489 529 694 572 Propterea,
724 536 761 561 ut
791 536 895 572 puto,
925 527 1095 568 johannes

337 577 536 612 Monachus
558 577 593 612 in
618 578 701 612 Vita
722 576 838 612 Sanfii
857 577 992 612 Odonis
1008 577 1093 612 Clu-

338 627 502 663 niacensis
542 629 713 670 Abbatis,
742 629 861 662 Tomo
900 629 942 662 V.
972 627 1095 662 Ac'tor.

337 678 492 714 SanEior.
521 678 737 714 Benediffln.
768 677 999 720 Mabillonii,
1027 677 1091 712 cir-

337 730 426 764 citer
449 732 591 764 Annum
617 730 828 764 DCCCCL.
847 728 999 775 scripsit,
1020 727 1094 763 san·
1135 727 1163 760 B

335 779 432 816 'Cium
461 780 563 815 illum
592 779 728 821 virum,
754 781 860 812 Anno
885 778 1008 813 aetatis
1035 779 1093 813 de-

337 832 432 865 cimo
460 842 553 863 nono
589 828 819 862 Grammaticae
845 828 943 861 Artis
977 829 1093 861 libera-

335 882 420 914 libus
459 879 577 920 studiis
624 879 785 909 educatum
831 875 954 910 fuisse:
1000 875 1091 923 quasi

333 928 594 965 Grammaticae
630 926 757 961 studere
784 925 876 960 idem
914 925 1026 970 foret,
1053 939 1092 961 ac

335 979 457 1015 ceteris
499 979 644 1012 Artibus
686 976 908 1012 Liberalibus
950 989 1090 1022 operam

333 1031 433 1065 dare.
472 1031 524 1064 Ita
562 1027 758 1063 Monachus
787 1026 849 1061 ille
888 1027 1030 1063 natione
1059 1027 1089 1063 [-

332 1082 445 1116 talus.
473 1080 578 1125 Quod
607 1079 713 1114 etiam
744 1078 1000 1112 animadvertas
1033 1091 1088 1112 ve-

331 1132 421 1174 lim,
462 1131 652 1176 Dangalus,
688 1128 744 1164 seu
784 1130 964 1175 nungallus
1000 1129 1089 1172 ille,

330 1183 387 1218 cui
400 1180 680 1217 commendatam
698 1192 805 1226 nuper
819 1178 970 1214 vidimus
983 1179 1087 1215 Scho-
1112 1207 1114 1213 ,

327 1234 399 1268 lam
441 1230 690 1270 Ticinenstm,
729 1232 878 1274 scotus,
921 1230 1089 1277 fimulque

329 1283 528 1318 Monachus
565 1283 597 1316 &
627 1281 697 1328 ipse
734 1280 829 1324 fuit,
858 1290 896 1316 ut
932 1280 1022 1316 infra
1049 1294 1088 1315 o-

328 1334 504 1369 stendam.
546 1334 674 1368 Nonne
714 1331 796 1366 hinc
833 1331 938 1366 etiam
984 1330 1086 1366 disci·

327 1398 426 1426 mus,
454 1396 524 1431 quo
551 1383 588 1418 in
616 1384 696 1417 loco
723 1391 807 1416 tunc
838 1382 919 1416 effer
947 1381 1085 1417 Litera—

327 1448 403 1471 rum
430 1433 569 1468 fortuna
593 1434 682 1480 apud
713 1432 841 1471 Italos,
865 1432 1003 1479 quando
1029 1432 1084 1467 vel

325 1487 368 1521 ab
396 1483 467 1532 ipsa
495 1483 633 1526 Scotia‚
663 1482 730 1517 sive
758 1482 951 1522 Hibernia,
979 1481 1020 1515 ad
1048 1494 1080 1516 e-

324 1536 510 1572 rudiendos
528 1535 668 1581 juvenes
684 1531 853 1567 evocandi
870 1531 962 1566 suere
981 1533 1080 1566 Prae·

324 1583 507 1629 ceptores?
550 1582 728 1621 Accedit,
770 1581 862 1628 quod
902 1582 1082 1629 Dungalus

324 1637 416 1672 idern
456 1634 492 1669 in
533 1635 626 1668 calce
667 1632 717 1668 sui
754 1631 923 1680 Opusculi
960 1640 1082 1667 contra

323 1685 512 1723 Claudium
550 1682 802 1719 Taurinensem
841 1683 1081 1731 Episcopum,

320 1737 383 1786 qui
411 1734 569 1771 adversus
597 1734 704 1769 sacras
735 1734 906 1781 Imagines
936 1733 1079 1769 invehe—

321 1789 443 1825 batur,
470 1786 511 1821 de
538 1798 580 1821 eo
613 1785 696 1820 haec
733 1784 856 1820 habet:
899 1787 1026 1830 Propter
1051 1785 1078 1818 i-

315 1839 399 1882 stam
437 1847 539 1870 autem
583 1835 807 1879 insanffmam
846 1834 1080 1881 ‘perversitatem

321 1887 425 1923 renuit
450 1889 493 1921 ad
519 1896 701 1920 conventum
736 1897 883 1918 occurrere
910 1885 1078 1929 Episcopo-

321 1952 409 1977 rum,
437 1949 550 1970 vocans
579 1936 702 1968 illorum
728 1935 887 1976 synodum
914 1948 1075 1982 congrega-

321 1989 435 2024 tionem
455 1985 645 2026 Afinorum.
670 1984 895 2020 Docffiffimus
921 1984 998 2020 sane
1023 1984 1079 2020 vir

321 2050 519 2085 quanquam
562 2036 599 2071 in
655 2034 830 2070 Haerefim
876 2034 1050 2083 prolapsus
1068 2062 1077 2079 ,

321 2088 491 2125 Claudius
512 2085 601 2125 suit,
623 2086 764 2121 natione
785 2084 980 2132 Hispanus.
995 2088 1077 2121 Non

321 2139 389 2175 alia
416 2138 552 2174 ratione
579 2136 609 2172 is
636 2137 821 2172 credendus
849 2136 893 2171 est
922 2145 992 2171 tam
1021 2135 1074 2171 in-

287 2209 293 2215 ·
319 2189 461 2225 honesto
511 2188 683 2222 vocabulo
732 2187 881 2223 onerasse
933 2186 1076 2222 Italicos

321 2239 518 2280 praesules,
546 2237 608 2273 nisi
637 2236 728 2284 quod
766 2250 823 2272 eos
859 2237 990 2281 nofl‘et,
1018 2245 1077 2272 aut

320 2290 533 2326 existimaret
570 2287 606 2323 in
635 2288 834 2323 Literarum
871 2286 983 2322 studio
1013 2286 1072 2324 ho-

319 2340 448 2389 spites,
476 2347 535 2374 aut
572 2347 663 2374 certe
699 2350 875 2385 nunquam
914 2336 974 2372 sibi
1020 2350 1072 2372 ea-

319 2404 395 2427 rum
427 2387 631 2438 profeffione
658 2388 928 2436 comparandos.
953 2389 1077 2435 Neque

319 2445 402 2477 vero
430 2455 472 2476 ex
502 2439 601 2476 Italis
629 2438 810 2486 quisquam
848 2439 968 2486 pedem
997 2451 1074 2473 cum

318 2492 473 2527 Claudio
509 2490 690 2529 contulit,
718 2488 772 2525 sed
810 2502 896 2524 unus
934 2491 1076 2537 Dunga-

318 2543 371 2578 lus
399 2545 544 2587 Scotus,
572 2550 656 2578 tunc
691 2540 785 2577 inter
820 2541 929 2576 Italos
964 2539 1076 2576 versa-

1122 1172 1157 1210 C
1166 1191 1168 1196 .

1207 323 1323 358 Scotia
1339 347 1348 362 ‚
1372 323 1408 358 &
1435 336 1504 359 non
1528 328 1645 372 potius
1669 341 1713 363 ex
1741 328 1858 363 vicina
1880 330 1967 364 Gal-

1205 373 1275 413 lia,
1303 374 1439 409 excitus
1467 375 1511 410 est
1537 377 1737 414 Literarum
1762 378 1964 428 ‘Magisten

1203 426 1276 466 Jam
1316 424 1413 472 supra
1457 425 1634 472 vidimus,
1670 428 1778 477 ipsam
1821 443 1961 477 quoque

1203 475 1360 509 Galliam
1387 474 1515 510 exteris
1542 485 1624 513 tunc
1649 478 1834 528 indiguisse
1863 481 1965 515 subsi-

1203 524 1290 560 diis.
1322 527 1445 573 Neque
1483 526 1576 562 enim
1615 527 1741 565 silenda
1777 532 1850 566 laus
1886 532 1964 567 Bri-

1203 576 1366 618 tanniae,
1393 576 1552 621 Scofiae,
1578 591 1616 613 ac
1640 581 1854 621 Hiberniae,
1877 595 1965 630 quae

1203 625 1312 661 studio
1342 627 1559 663 Liberalium
1589 629 1734 665 Artium
1761 644 1802 666 eo
1826 641 1964 679 ternpo-

1202 689 1237 711 re
1266 678 1523 713 antecellebant
1550 679 1695 727 reliquis
1724 680 1966 716 Occidentali—

1205 727 1264 761 bus
1295 728 1448 775 Regnis,
1475 729 1508 762 δε
1537 731 1616 763 cura
1647 731 1844 777 praesertim
1875 733 1960 767 Mo-

1201 776 1414 821 nachorum,
1446 779 1507 825 qui
1546 779 1744 816 Literarum
1784 782 1958 829 gloriam,

1201 825 1288 860 alibi
1317 836 1376 861 aut
1403 829 1626 875 languentem
1663 841 1723 866 aut
1749 831 1959 878 depressam,

1201 874 1238 909 in
1267 874 1312 909 iis
1339 876 1540 922 regionibus
1576 879 1727 928 impigre
1756 882 1960 918 suscitarant

1201 934 1306 971 atque
1343 927 1549 962 tuebantur.
1583 931 1694 964 Debet
1731 942 1845 966 autem
1875 934 1962 968 Gal·

1201 975 1251 1009 lia
1280 976 1406 1010 Flacco
1436 977 1592 1012 Alcuino
1621 978 1657 1013 in
1685 980 1832 1027 primis,
1857 994 1961 1027 quem

1200 1038 1243 1060 ex
1282 1026 1464 1062 Britannia
1501 1028 1675 1067 accitum,
1713 1028 1782 1066 five
1823 1029 1883 1065 fibi
1923 1032 1960 1066 in

1202 1078 1362 1111 Romano
1408 1077 1536 1113 itinere
1585 1079 1771 1123 oblatum,
1812 1082 1961 1117 Carolus

1200 1125 1352 1173 Magnus
1371 1129 1632 1174 Praeceptorem
1652 1129 1793 1170 habuit,
1808 1131 1839 1165 8<
1852 1131 1963 1167 Scho-

1198 1177 1251 1212 lae
1282 1177 1460 1213 Palatinae
1488 1177 1564 1214 suae
1592 1179 1777 1227 praefecit,
1804 1181 1896 1229 quod
1925 1196 1963 1217 a-

1198 1227 1265 1274 pud
1293 1229 1416 1263 Gallos
1445 1228 1665 1265 refloruerint
1693 1231 1890 1275 Scientiae,
1918 1231 1957 1269 &

1196 1277 1233 1312 in
1260 1277 1454 1313 Coenobiis
1481 1292 1519 1314 ac
1544 1280 1740 1326 Episcopiis
1767 1294 1846 1316 cum
1874 1283 1960 1318 Cle-

1195 1327 1347 1362 ricorum
1390 1329 1423 1363 &
1461 1328 1743 1375 Monachorum,
1778 1340 1853 1366 tum
1899 1334 1959 1368 Se-

1196 1377 1366 1413 cularium
1396 1378 1541 1414 Scholae
1568 1379 1700 1415 fuerint
1727 1382 1957 1419 constitutae.

1195 1427 1237 1463 In
1266 1438 1397 1475 partem
1426 1428 1627 1475 hujusmodi
1662 1431 1824 1467 beneficii
1855 1433 1959 1468 Italia

1195 1490 1333 1523 quoque
1363 1477 1481 1512 venit.
1511 1481 1604 1514 Nam
1643 1490 1779 1527 praeter
1807 1479 1959 1527 primum

1194 1529 1297 1562 illum
1325 1528 1542 1564 Monachum
1569 1542 1587 1563 e
1607 1529 1727 1565 Scotia
1754 1540 1934 1577 acceptum
1953 1558 1964 1577 ‚

1194 1576 1233 1613 ὃ(
1261 1591 1278 1612 a
1308 1579 1440 1613 Carolo
1476 1579 1517 1614 ad
1550 1579 1757 1616 Ticinenses
1796 1582 1957 1627 miffurn,

1193 1628 1281 1663 illuc
1317 1628 1441 1663 deinde
1483 1629 1621 1665 acceffit
1649 1633 1821 1678 Dangalus
1858 1631 1957 1680 supra

1192 1679 1229 1714 in
1257 1679 1457 1722 Capitulafi
1495 1690 1728 1716 memoratus.
1771 1684 1866 1717 Duos
1905 1696 1961 1718 er-

1189 1743 1235 1779 go
1262 1728 1339 1765 heic
1366 1730 1562 1765 Monachos
1598 1730 1752 1767 diversos
1779 1732 1954 1777 exhibeo,

1191 1793 1401 1828 quamquam
1428 1779 1591 1828 suspicari
1616 1781 1798 1829 quisquam
1826 1782 1954 1829 possit,

1192 1844 1262 1866 non
1290 1831 1397 1873 duos,
1424 1830 1479 1866 sed
1516 1844 1623 1866 unum
1661 1832 1699 1867 in
1738 1833 1877 1868 Italiam
1912 1834 1954 1869 ad

1193 1880 1418 1917 Ticinensem
1456 1880 1617 1916 Scholam
1658 1883 1794 1918 miffum
1835 1882 1959 1923 fuiffe,

1193 1931 1328 1968 scilicet
1350 1932 1549 1979 Dungalum
1567 1958 1576 1967 .
1596 1931 1737 1968 Obstare
1760 1942 1876 1968 tamen
1901 1934 1957 1970 vi-

1192 1982 1293 2017 detur
1329 1990 1486 2029 tempus:
1516 1995 1596 2017 nam
1636 1982 1778 2019 circiter
1805 1986 1951 2020 Annum

1195 2034 1446 2068 DCCLXXX.
1483 2034 1632 2069 Carolus
1673 2035 1826 2082 Magnus
1868 2035 1955 2071 illuc

1195 2082 1317 2118 mififfe
1346 2082 1498 2118 creditur
1526 2083 1746 2120 Monachum
1785 2087 1952 2121 scotum:

1195 2134 1376 2181 Dungalus
1415 2136 1498 2169 vero
1535 2136 1642 2170 Anno
1683 2137 1955 2172 Deccxxm.

1194 2183 1328 2218 scilicet
1358 2183 1428 2228 post
1455 2196 1562 2220 annos
1602 2185 1830 2235 quadraginta
1866 2195 1956 2229 tres,

1193 2233 1372 2269 Ticinenfi
1409 2233 1554 2269 Scholae
1592 2245 1767 2282 praeerat.
1797 2236 1955 2270 Difficile

1192 2283 1337 2323 statuas,
1365 2283 1487 2319 tandiu
1534 2285 1733 2332 Dungalum
1774 2284 1954 2333 praefuisse

1192 2333 1336 2370 Scholae
1353 2333 1530 2370 Ticinenfi
1543 2359 1554 2374 ‚
1571 2334 1632 2369 nifi
1654 2335 1683 2369 is
1705 2334 1832 2375 serius,
1846 2337 1953 2384 quam

1192 2394 1354 2433 putetur,
1392 2384 1562 2420 Ticinum
1601 2385 1759 2425 venerit,
1786 2395 1846 2420 aut
1884 2385 1952 2420 sal-

1191 2445 1260 2471 tem
1290 2448 1397 2471 annos
1434 2435 1471 2470 in
1500 2437 1639 2485 longam
1678 2445 1827 2471 aetatem
1869 2449 1950 2484 pro-

1190 2486 1349 2521 duxerit.
1376 2486 1479 2532 Quod
1508 2496 1639 2522 certum
1669 2486 1738 2525 est,
1767 2487 1948 2534 Dungalus

1189 2538 1223 2573 ὅ(
1250 2537 1446 2573 Monachus
1481 2537 1516 2573 &
1553 2539 1676 2573 Scotus
1713 2536 1806 2587 fuit3
1835 2538 1949 2622 ⁸inkmo
1995 2561 1997 2563 -

1832 2598 1869 2636 1Ρ
