2216 3100
421 252 505 296 467
775 240 1150 298 ANTIQUI?

1181 236 1392 282 Mem]
1418 238 1577 281 Arm
1844 246 1926 294 4⁶8

365 300 562 344 fraudetur,
591 312 677 348 quae
705 298 780 335 usui
808 299 930 335 multis
955 300 1020 335 effe
1048 299 1122 347 pos·
1161 301 1204 351 A?
1229 295 1361 344 liasque
1398 297 1524 333 caussas
1542 326 1552 343 ‚
1589 298 1635 334 ob
1671 311 1756 346 quas
1797 298 1987 336 Nobilium

363 350 425 387 sit.
452 353 632 386 Occurunt
666 351 768 386 nobis
805 350 961 399 persaepe
997 350 1035 385 in
1062 363 1123 385 va-

364 401 427 437 riis
442 430 452 447 ‚
480 401 592 449 iisque
612 400 738 437 diffitis
758 401 1002 444 Civitatibus,
1028 400 1123 448 ipsis-

364 451 447 488 sima
475 453 687 488 familiarum
706 452 919 499 Cognomina.
947 449 1044 496 Quid
1072 451 1122 487 rei

363 502 431 538 hoc
459 502 499 538 fit
516 530 527 547 ,
554 501 592 538 &
621 502 710 537 unde
737 501 803 538 hoc
831 501 961 537 saetam
991 500 1122 547 fuerit,

363 552 494 589 eruditi
522 552 677 589 hominis
704 552 844 589 interest
872 553 977 599 probe
1005 552 1122 588 nosse.

363 603 471 640 Casus
499 617 580 652 ergo
616 616 686 639 non
713 606 790 640 raro
822 602 950 638 eisdem
978 604 1119 651 Cogno-

362 654 493 690 mentis
519 655 693 703 originem
721 653 818 690 dedit
844 653 882 689 in
907 652 1048 689 diversis
1068 655 1119 688 lo-

362 705 436 750 cis,
463 704 656 754 cujusmodi
695 713 780 749 puto
816 717 904 752 quae
941 703 1122 752 praecipue

363 757 407 792 ab
429 757 575 791 Artibus
597 755 742 791 deduRa
762 754 859 790 sunt.
889 755 999 790 Nulla
1020 754 1121 802 quip-

361 819 405 855 pe
432 806 576 842 Civitas
604 805 716 840 caruit
743 806 882 847 Fabris,
910 803 978 839 sive
1006 807 1117 839 Ferra-

362 856 443 898 riis,
481 855 626 889 sellariis
643 880 653 895 ,
696 854 859 891 Medicis,
901 854 1095 888 Pellieiariis
1112 878 1122 893 ‚

361 906 546 948 Scribam's,
583 902 730 950 aliisque
758 901 950 937 Artificum
987 902 1119 950 generi-

362 956 444 991 bus.
483 954 518 990 Si
555 967 623 1001 qua
659 966 741 1002 ergo
772 966 815 988 ex
853 951 946 987 hisce
973 952 1124 989 Artibus

362 1006 401 1041 in
443 1004 671 1053 quorumdam
715 1006 922 1052 Cognomen
966 1002 1124 1048 transiit,

363 1056 409 1092 iis
437 1055 514 1104 ipsis
544 1054 726 1093 Urbibus,
763 1065 822 1090 aut
863 1052 1022 1089 castellis
1061 1054 1123 1089 tri-

362 1107 498 1143 buenda
535 1107 738 1155 plerumque
773 1105 818 1141 est
854 1104 1023 1154 ejusmodi
1052 1106 1123 1140 Co-

363 1158 570 1206 gnominum
600 1156 779 1205 impositio
797 1183 807 1200 ‚
844 1169 956 1203 neque
984 1155 1124 1191 aliunde

362 1208 573 1244 arcessenda.
601 1207 731 1243 Eadem
761 1220 899 1254 quoque
926 1205 1122 1254 Cognomi-

362 1272 406 1294 na
435 1258 604 1294 invexiffe
633 1258 750 1307 potuit
771 1258 860 1306 apud
882 1257 1034 1292 diversos
1058 1259 1122 1292 Po-

362 1310 464 1358 pulos
491 1312 680 1359 Agnomen
708 1308 825 1352 idem,
863 1307 967 1343 facile
994 1307 1123 1354 ubique

362 1362 522 1395 locorum
551 1359 818 1408 excogitatum:
849 1358 956 1405 idque
982 1356 1122 1405 opinari

362 1411 448 1446 licet
469 1412 509 1445 de
530 1412 673 1453 Rubeis,
700 1409 824 1453 Albis,
846 1407 996 1456 (Italice
1017 1409 1122 1442 Bian-

361 1461 434 1509 chi)
472 1461 607 1508 Nigris,
650 1459 819 1500 Cortefi'is,
861 1458 1000 1497 Ritciis,
1039 1460 1122 1503 Zop-

359 1512 446 1556 piis,
476 1512 632 1553 Blandis,
669 1510 806 1554 Craffis,
834 1506 973 1549 Calvis,
1001 1508 1121 1549 Brula-

361 1563 430 1601 ris,
468 1571 572 1608 atque
608 1560 732 1595 horum
769 1557 959 1594 similibus.
989 1557 1121 1592 Ve‘riim

359 1625 448 1658 quae
476 1610 646 1646 Familiae
674 1619 733 1645 aut
758 1622 775 1644 a
801 1606 1005 1657 longinquis
1034 1607 1122 1643 locis

361 1661 650 1711 Cognomenturn
671 1668 872 1702 mutuatae,
898 1668 958 1694 aut
978 1660 1119 1706 Cogno·
1147 1632 1153 1751 ¹

361 1713 517 1748 minibus
544 1711 770 1760 singularibus
800 1709 980 1746 distinffle
1005 1709 1120 1745 diver-

361 1763 402 1798 fis
439 1762 659 1798 Civitatibus
695 1760 1024 1809 deprehenduntur,
1062 1759 1121 1795 has

360 1826 433 1849 non
461 1813 642 1849 immerito
668 1812 807 1861 opinari
846 1811 1041 1860 pofl‘umus,
1077 1823 1120 1846 ex

361 1877 429 1900 una
467 1863 504 1898 in
541 1864 684 1898 alteram
722 1862 920 1897 Civitatem
958 1860 1116 1896 transmi-

362 1913 489 1963 grasse,
517 1922 621 1960 atque
648 1912 683 1947 in
711 1912 832 1948 multis
861 1912 905 1948 iis
933 1911 1021 1946 locis
1043 1924 1121 1959 pro-

363 1964 496 2013 pagaffe
524 1977 628 2012 genus
659 1963 775 1998 suum.
813 1962 851 1998 Id
881 1972 995 1998 autem
1026 1975 1119 2009 prae-

363 2015 483 2051 sertim
511 2014 638 2049 fastum
670 2013 734 2056 est,
771 2026 878 2061 quum
908 2022 1019 2047 totam
1051 2012 1120 2047 Ita·
1149 1991 1154 2100 Ι

363 2065 449 2102 liam
491 2065 727 2100 dilacerabant
766 2063 935 2098 faffiones
976 2063 1104 2097 Guelto

363 2129 441 2153 rum
469 2113 508 2151 &
536 2115 817 2150 Gibellinorum.
850 2113 998 2149 Nobiles
1026 2113 1120 2148 enim
1149 2104 1152 2117 ¹

364 2166 465 2211 viri,
508 2174 610 2214 prout
647 2164 684 2200 in
721 2164 971 2201 certaminibus
1001 2176 1120 2199 eorum

363 2231 442 2267 pars
472 2215 740 2253 succumbebat,
783 2224 841 2250 aut
879 2215 1025 2262 sponte,
1063 2223 1122 2249 aut

365 2267 482 2304 coaffi
519 2266 666 2302 exilium
707 2265 818 2301 subire
846 2278 923 2301 cum
953 2264 1122 2301 uxoribus

366 2317 404 2355 &
433 2317 553 2354 liberis
589 2317 825 2366 cogebantur,
863 2315 992 2362 sibique
1032 2314 1123 2350 sedes

366 2381 529 2417 quaerere
565 2367 626 2402 sub
662 2366 734 2402 alio
770 2367 890 2402 coelo.
920 2365 1019 2401 Adde
1047 2367 1118 2411 Ty-

366 2431 555 2456 rannorum
583 2416 854 2466 impotentiam,
891 2426 966 2452 tum
1004 2416 1114 2452 adver·

366 2470 437 2506 sam
475 2469 675 2508 fortunam,
712 2467 864 2517 privatas
901 2467 1019 2505 rixas,
1057 2466 1122 2501 cri-

367 2521 464 2557 mina
492 2527 709 2569 perpetrata,
736 2518 944 2555 hereditates
961 2545 972 2560 ‚
1009 2517 1125 2553 Feuda

367 2570 554 2620 acquisita,
581 2569 699 2606 officia
727 2569 812 2609 belli
839 2578 898 2608 aut
935 2567 1054 2619 pacis,
1089 2581 1124 2605 a-

1229 347 1316 382 olim
1348 346 1518 383 Familiae
1546 357 1605 384 aut
1632 349 1816 398 integrae,
1848 359 1908 386 aut
1934 351 1988 387 di-

1231 397 1350 442 visae,
1377 410 1396 433 e
1425 397 1536 444 patria
1565 400 1658 435 Urbe
1693 401 1733 435 ad
1772 400 1858 436 alias
1894 410 1991 437 tran-

1229 449 1363 487 slatae,
1391 447 1443 483 ibi
1470 448 1558 484 lares
1598 448 1725 495 fixere,
1762 451 1924 499 filiosque
1951 465 1990 488 ac

1229 508 1372 546 nepotes
1404 512 1587 547 peperere.
1625 502 1847 538 Fen-arienfis
1883 503 1989 539 Civi-

1229 558 1280 584 tas
1323 558 1411 596 quot
1453 549 1582 585 exteris
1624 551 1766 587 eximiis
1809 552 1955 590 familiis
1977 580 1987 598 ‚

1201 630 1204 644 ς
1228 599 1306 634 illic
1334 598 1520 636 Estensium
1552 600 1753 649 Principum
1781 604 1861 638 eura
1887 604 1989 640 stabi-

1201 649 1324 689 ‘litis‚
1352 650 1541 686 nobilitata
1579 650 1706 695 fuerit,
1744 653 1875 700 jamdiu
1912 653 1989 690 ani-

1229 700 1418 736 madvertit
1446 701 1576 748 Gaspar
1600 702 1737 738 Sardius
1760 703 1840 739 Lib.
1866 716 1898 739 2.
1920 703 1989 740 Hi-

1166 755 1195 789 B
1228 749 1304 786 stor.
1333 751 1536 800 ferrat-iens.
1567 753 1623 787 Ad
1661 751 1693 787 se
1721 754 1889 789 nimirum
1919 764 1990 790 tra-

1201 813 1310 856 'xere
1349 801 1523 845 Atestini,
1562 813 1621 838 aut
1657 803 1893 840 lubentiffime
1930 818 1991 841 ve-

1201 887 1204 894 ,
1230 850 1365 884 nientes
1393 863 1578 897 excepere,
1605 855 1835 900 calcagninus,
1862 856 1893 890 ὃ(
1923 859 1991 890 Ro-

1202 909 1204 918 ¹
1229 899 1360 935 verellos
1392 900 1637 949 Rhodiginosg
1669 907 1738 937 Pu„
1757 929 1766 943 ,
1803 904 1988 950 Taffonios’,

1229 950 1395 988 Furnios,
1423 950 1571 991 castellos
1602 950 1848 1002 Mutinenses3
1889 959 1990 990 Vara-

1229 1012 1309 1038 nof,
1337 999 1426 1035 olim
1455 1001 1636 1036 Camerini
1668 1003 1864 1051 Dominos;
1903 1009 1990 1039 Bm-

1227 1050 1342 1084 rivolus
1371 1059 1470 1086 antea
1512 1051 1688 1087 Bononiae
1724 1053 1989 1101 dominatores-»3

1203 1101 1391 1146 lszffor
1434 1103 1693 1151 Florentin093
1735 1104 1879 1144 Arcanos
1903 1129 1914 1145 ‚
1955 1106 1990 1140 δ(

1203 1150 1205 1153 ’
1229 1151 1380 1195 Platesios
1410 1152 1668 1202 Bononiensesg
1699 1156 1895 1200 stzlaquas
1921 1158 1992 1191 Ve-

1148 1207 1193 1241 ¹C
1229 1203 1426 1250 ronenses;
1469 1205 1659 1239 Alvaroteos
1696 1203 1732 1240 ἃ
1782 1207 1992 1252 Roncagallos

1231 1253 1446 1301 Patavinos3
1488 1256 1684 1293 Pwlomeos,
1722 1253 1759 1290 ὃ(
1797 1256 1991 1291 salimbenos

1229 1302 1416 1346 Senenses,
1446 1312 1484 1338 ut
1524 1304 1677 1351 reliquos
1704 1306 1868 1341 omittam
1886 1333 1895 1342 .
1936 1308 1990 1342 Ita

1201 1380 1205 1404 5
1229 1365 1272 1387 ex
1298 1351 1491 1388 Mutinensi
1516 1354 1613 1389 Urbe
1635 1355 1830 1391 Bononiam
1853 1355 1885 1392 se
1906 1369 1992 1392 con-

1202 1417 1204 1420 ’
1229 1405 1340 1437 tulere
1367 1405 1572 1449 Savignani‚
1601 1405 1840 1447 Buccadrferro,
1870 1407 1989 1446 Doxt'i,

1202 1466 1204 1469 ·
1228 1452 1386 1495 Bofihem'
1403 1480 1411 1495 ,
1450 1454 1621 1492 Gnidum,
1658 1454 1815 1501 aliaeque
1843 1455 1989 1492 illustres

1229 1502 1423 1544 Familiae,
1452 1502 1544 1538 inter
1572 1516 1654 1551 quas
1681 1507 1875 1549 Gagonim
1901 1519 1990 1553 quo-

1229 1565 1296 1599 que
1323 1565 1388 1601 ego
1415 1551 1518 1589 facile
1537 1554 1744 1590 recenserem
1760 1582 1769 1599 ‚
1798 1565 1871 1591 tum
1896 1558 1992 1592 Mal-

1230 1603 1367 1641 vm'am‚
1388 1602 1456 1638 five
1480 1605 1711 1649 Malvxzzam,
1739 1607 1877 1653 quando
1902 1607 1990 1642 hanc

1162 1660 1196 1693 D
1231 1653 1324 1689 inter
1352 1653 1553 1701 magnificas
1590 1656 1846 1691 Mutinenfium
1876 1657 1991 1705 prosa-

1203 1704 1305 1752 !pias
1342 1705 1485 1739 Saeculo
1515 1706 1594 1740 XII.
1620 1707 1654 1740 8<
1694 1708 1791 1742 XIII.
1829 1709 1990 1755 reperio,

1232 1753 1269 1790 &
1312 1767 1419 1802 nuper
1468 1765 1696 1791 memoratam
1750 1757 1902 1793 vidimus
1953 1758 1991 1794 in

1232 1804 1364 1841 Charta
1394 1806 1491 1840 Anni
1523 1808 1769 1842 MCLXVIII.
1803 1809 1864 1843 Sed
1893 1809 1925 1843 ἃ
1955 1823 1991 1845 a·

1204 1883 1207 1900 a
1232 1855 1297 1891 lias
1325 1869 1366 1891 ex
1396 1856 1475 1891 aliis
1503 1855 1726 1892 Civitatibus
1755 1859 1914 1894 Bononia
1935 1873 1992 1895 ac-

1203 1903 1327 1957 !cepit
1370 1907 1557 1942 Nobilium
1596 1907 1738 1955 stirpes,
1775 1918 1815 1944 ut
1852 1908 1991 1946 Dulfius

1204 1976 1205 1999 3
1233 1957 1269 1992 in
1299 1969 1414 1992 earum
1444 1956 1599 1994 Historia
1627 1958 1757 1999 tradit,
1785 1959 1846 2006 qui
1875 1969 1990 1996 tamen

1204 2011 1206 2054 ᾗ
1234 2020 1330 2042 more
1358 2017 1551 2043 ceterorum
1581 2009 1622 2044 de
1663 2008 1891 2045 familiarum
1919 2010 1991 2045 ori-

1234 2058 1315 2106 gine
1358 2057 1585 2094 scribentium
1630 2058 1757 2094 sabulis
1803 2059 1991 2108 saepiffime

1161 2113 1188 2146 E
1234 2109 1420 2156 indulget.
1451 2110 1543 2145 Vide
1571 2110 1676 2145 etiarn
1706 2111 1861 2145 Tomum
1891 2112 1990 2146 V111.

1202 2164 1206 2201 2
1234 2172 1310 2207 pag.
1338 2171 1398 2206 91.
1430 2162 1507 2195 Rer.
1538 2162 1766 2204 Italicarum,
1802 2170 1890 2207 quot
1927 2164 1991 2196 Fa-

1202 2208 1346 2243 ‘nuliis
1389 2211 1578 2245 Nobilibus
1613 2210 1743 2246 exteris
1778 2211 1876 2246 aufi’ca
1903 2211 1992 2245 olim

1202 2233 1339 2336 lfuerit
1378 2259 1517 2294 Civitas
1548 2261 1733 2296 Vicentia.
1771 2263 1878 2296 Certe
1913 2262 1994 2296 nul-

1232 2310 1301 2345 lam
1330 2308 1503 2349 ostendas,
1530 2310 1567 2345 in
1595 2324 1697 2358 quam
1726 2312 1926 2347 turbulenta
1950 2325 1991 2347 o-

1233 2359 1297 2395 lim
1326 2360 1451 2396 ltaliae
1484 2369 1641 2408 tempora
1679 2362 1806 2397 multas
1833 2374 1904 2396 non
1933 2361 1992 2397 ad-

1212 2411 1399 2456 duxerint
1429 2412 1614 2447 Nobilium
1644 2411 1803 2452 soboles,
1830 2411 1992 2447 Civitate

1235 2461 1345 2511 postea
1371 2461 1542 2497 donatas:
1580 2463 1613 2497 δε
1655 2461 1853 2510 praesertim
1895 2475 1993 2498 com-

1236 2513 1349 2560 plures
1379 2511 1530 2560 Neapoli
1559 2511 1596 2548 &
1628 2513 1792 2549 Panormi
1817 2512 1992 2557 offendas,

1180 2605 1181 2608 Ἰ
1234 2576 1318 2613 quas
1356 2575 1481 2612 nempe
1520 2561 1609 2603 illuc
1649 2563 1794 2601 advexit
1829 2562 1993 2611 Andega-

1787 2612 1940 2651 venfium

2204 1467 2216 1591 ‘'cx-dm
2211 1415 2216 1459 Λ...
