2216 3100
430 273 510 315 595
773 255 1390 318 ΑΝΤ],ρτ]1Τ.ΜΕῙ)ιι
1418 256 1577 300 AEVJ
1845 266 1929 314 59⁶

369 327 476 352 tatem
507 317 669 365 cujusque
696 318 863 364 Codicis,
900 319 981 355 dum
1019 327 1122 353 notae
1143 318 1188 353 2A
1229 329 1306 351 nem
1327 343 1335 351 .
1375 314 1445 352 Uti
1483 329 1525 351 ex
1561 316 1633 364 ejus
1669 315 1833 366 Epistolis
1862 331 1881 352 a
1911 319 1985 352 Du-

368 367 675 416 Chronologicae‚
703 369 817 405 aliave
841 370 971 406 indicia
992 368 1122 411 desint,

368 418 483 454 nihilo
520 428 637 454 tamen
675 419 781 455 secius
820 430 917 456 tanta
953 419 996 455 est
1034 420 1121 465 apud

365 480 421 503 me
450 468 638 505 dofi‘ziffimi
672 469 940 506 Montfauconii
968 469 1120 505 auclori-

365 529 418 554 tas
437 547 445 559 ,
476 530 511 554 ut
540 520 571 554 ei
601 520 652 555 ita
682 521 850 568 judicanti
879 519 1122 556 accommoda-

366 582 402 604 re
430 568 532 605 fidem
563 570 598 605 in
628 571 692 606 hoc
720 572 826 607 etiam
850 571 978 607 velim.
1009 573 1123 606 Immo

367 619 491 655 rescire
520 633 707 669 cuperem,
735 622 820 669 quid
847 635 964 657 revera
993 620 1121 669 signifi—

367 670 454 705 carit
490 672 610 718 Lupus
648 674 807 708 Servatus
844 673 964 708 Abbas
1002 675 1121 707 Ferra-

366 719 483 756 rienfis
535 721 572 756 in
623 722 741 757 Gallia
791 722 932 758 circiter
976 724 1120 757 Annum

369 772 583 808 DCCCXL.
610 771 647 807 in
676 772 819 817 Epistol.
849 774 903 808 16.
929 785 1124 807 memorans

368 821 610 855 Commentarios
648 822 754 854 Raetii
789 822 823 854 in
850 821 967 864 Topica
1003 821 1124 854 Cicero-

364 872 434 910 nis,
463 883 534 915 quos
573 870 605 903 in
633 871 801 904 Chartaceo
837 870 969 928 quioe,
990 870 1062 911 sive
1090 880 1125 904 ut

367 919 559 954 emendatius
596 919 671 954 aliis
706 921 870 954 dicendum
905 921 1054 963 videtur,
1091 920 1125 954 in

367 969 571 1004 Chartinacio
597 970 782 1005 Amalrims
820 971 852 1004 in
880 971 1015 1006 armario
1041 973 1125 1005 San-

368 1019 414 1054 έῖί
451 1019 594 1054 Martini
628 1019 745 1056 habet.
784 1023 880 1057 Num
919 1020 974 1056 his
1010 1020 1126 1056 verbis

367 1069 521 1118 designat
549 1070 611 1105 ille
639 1072 788 1107 Librum
827 1071 864 1107 in
893 1073 1030 1119 Papyro
1058 1070 1126 1106 five

367 1121 513 1166 Philyra
543 1121 763 1170 Aegyptiaca
791 1121 981 1170 scriptum,
1019 1135 1061 1157 an
1090 1121 1126 1156 in

366 1170 611 1214 Membranis,
640 1185 681 1207 an
710 1172 748 1208 in
776 1172 843 1208 alia
865 1171 1033 1209 materia?
1055 1170 1126 1208 Ce-

365 1231 480 1257 terum
505 1235 704 1270 quanquam
725 1223 793 1259 fine
820 1223 1046 1259 haesitatione
1066 1223 1125 1257 sta·

367 1281 506 1309 tuamus
524 1300 534 1316 ,
577 1274 633 1308 vel
662 1275 785 1310 Seculo
814 1273 964 1310 Decimo
984 1273 1129 1322 prodire

367 1324 516 1372 coepisse
544 1321 715 1360 Chartam
746 1326 924 1374 vulgarem
954 1325 1099 1360 nostram
1117 1351 1128 1367 ‚

364 1383 521 1411 attamen
550 1375 662 1411 tutius
690 1389 853 1424 agemus.
881 1375 903 1410 fi
932 1376 1004 1423 ejus
1029 1374 1125 1409 usum

368 1424 641 1472 frequentiorem
684 1426 722 1460 in
763 1426 924 1460 Seculum
967 1424 1121 1459 Undeci-

368 1487 465 1511 mum
504 1475 727 1522 rejiciemus:
767 1489 808 1510 ex
847 1488 918 1519 quo
954 1474 1129 1508 aestimare

369 1534 548 1573 promtum
578 1525 621 1560 est
650 1524 773 1563 nobis,
801 1532 931 1570 quanta
956 1523 995 1557 ad
1025 1535 1123 1557 exco-

370 1575 490 1611 lendas
528 1574 693 1612 Lirem,
731 1573 926 1622 Librosque
962 1573 1129 1618 parandos

367 1624 524 1660 facilitas
564 1624 766 1672 accefferit;
817 1638 902 1669 quae
942 1638 983 1659 eo
1020 1624 1131 1671 major

367 1674 517 1711 subinde
544 1673 676 1715 evasit,
705 1688 776 1722 quo
804 1676 918 1713 nlures
947 1675 988 1710 ad
1016 1674 1123 1710 Char—

370 1734 444 1761 tam
474 1724 726 1761 conficiendam
766 1725 929 1761 officinae
967 1739 1025 1768 per
1053 1724 1123 1761 uni-

369 1774 503 1811 versam
532 1777 708 1824 Europam
737 1776 944 1812 constitutae
971 1776 1131 1812 fuerunt.

370 1825 535 1862 Portaffis
563 1826 670 1862 etiam
699 1828 739 1862 ad
768 1827 1020 1863 restaurandum
1044 1826 1131 1874 apud

371 1890 435 1913 nos
464 1877 631 1912 honorem
661 1877 884 1919 Liternum,
912 1891 981 1914 non
1013 1890 1131 1919 narum

373 1925 508 1976 profuit
535 1927 733 1972 exemplum
763 1927 801 1962 &
830 1942 910 1964 cura
947 1927 1131 1967 Gerberti,

373 1978 436 2026 qui
464 1976 651 2012 Aureliani
679 1976 716 2011 in
753 1978 872 2013 Gallia
911 1988 1040 2021 natus,
1079 1977 1131 2013 vi-

373 2038 517 2074 tamque
537 2026 767 2067 Monasticam
790 2029 992 2077 amplexus,
1019 2028 1134 2075 primo

377 2078 483 2114 Bobii
513 2078 632 2113 Abbas
659 2077 695 2112 in
724 2078 850 2118 Italia,
879 2089 954 2114 tum
987 2081 1132 2115 Remen-

373 2129 414 2165 fis
453 2127 770 2177 Archiepiscopus‚
808 2129 920 2165 rursus
957 2128 1134 2165 Bobienfis

374 2180 528 2219 Abbas,
568 2178 692 2214 deinde
731 2178 1023 2227 Archiepiscopus
1067 2182 1134 2215 Ra-

375 2242 505 2265 vennas
531 2256 540 2269 ,
592 2242 630 2264 ac
671 2229 809 2265 demum
851 2233 960 2266 Anno
1001 2230 1135 2267 Christi

378 2282 681 2317 DCCCCXCIX.
724 2282 901 2316 Romanus
943 2281 1136 2325 Pontifex,

378 2331 440 2368 sub
468 2330 611 2366 nomine
639 2329 792 2366 Silvestri
818 2332 986 2371 Secundi,
1013 2332 1135 2380 ingen·

379 2392 450 2419 tem
485 2380 640 2416 nominis
677 2380 805 2416 famam
842 2381 934 2417 inter
961 2383 1136 2418 accusato-

376 2446 427 2469 res
448 2433 480 2466 &
505 2432 701 2467 laudatores
719 2445 788 2467 non
809 2445 935 2478 paucos
957 2432 1017 2467 fibi
1041 2446 1132 2468 com<

375 2481 536 2532 paravit.
576 2481 749 2518 Vividum
787 2495 826 2517 ac
866 2483 1026 2518 mirabile
1069 2483 1138 2519 fuit

379 2534 479 2570 illius
516 2532 722 2580 ingenium,
758 2532 959 2582 eloquentia
997 2546 1035 2569 ac
1061 2547 1136 2570 eru-

381 2583 474 2621 ditio
516 2584 614 2633 supra
660 2583 712 2621 sui
753 2583 922 2635 temporis
960 2583 1138 2623 conditio-

1229 365 1407 406 Chesnio‚
1444 374 1548 414 atque
1583 367 1620 402 in
1657 368 1880 404 Bibliotheca
1921 369 1985 403 Pa-

1229 426 1321 453 trum
1346 416 1450 453 editis
1478 427 1594 465 patet,
1622 432 1727 465 quum
1756 419 1793 454 in
1822 418 1925 455 ltalia
1946 416 1983 455 &

1230 468 1418 503 Germania
1445 477 1661 511 moraretur,
1689 468 1780 505 nihil
1804 468 1985 517 antiquius

1230 518 1378 562 habuit,
1415 520 1518 566 quam
1556 518 1709 555 Codices
1744 520 1902 556 omnium
1931 518 1986 554 di-

1231 568 1455 616 sciplinarum
1484 583 1605 617 cogere
1635 579 1710 605 tum
1747 570 1788 605 ad
1826 569 1882 605 sua
1917 569 1986 606 stu-

1230 619 1311 660 dia.
1339 629 1413 655 tum
1442 620 1483 655 ad
1511 620 1769 656 Monachorum
1798 620 1916 656 usum.
1943 619 1986 656 ln

1231 670 1381 717 Epistola
1418 684 1476 714 44.
1513 672 1551 706 ad
1591 672 1777 707 Ecberturn
1807 672 1985 706 Abbatem

1232 721 1469 756 Turonensem
1499 721 1643 758 scribit:
1684 722 1910 757 Bibliothecam
1936 721 1988 765 as-

1163 771 1190 804 B
1225 769 1314 810 fidue
1340 783 1476 815 comparo
1486 786 1506 814 ;
1532 773 1574 806 (9⁵
1595 773 1675 814 ficut
1702 777 1821 807 Romae
1846 773 1987 817 dudum,

1165 1667 1197 1699 D

1231 832 1266 854 ae
1292 818 1326 852 in
1351 820 1425 853 aliis
1452 821 1595 864 partibus
1624 823 1760 861 Italiae,
1796 823 1828 856 in
1856 826 1988 857 Germa-

1233 869 1288 903 nia
1328 881 1467 915 quoquc,
1508 869 1554 907 &
1597 872 1748 916 Bigica,
1787 874 1987 918 Scriptores,

1232 918 1468 965 Aullorumque
1483 921 1670 965 exemplaria
1685 919 1887 953 multitudine
1898 935 1990 956 num-

1233 983 1348 1002 morum
1385 970 1519 1006 redemi.
1557 971 1610 1005 Ita
1644 968 1683 1004 in
1719 968 1872 1016 Epistola
1908 979 1989 1016 130.

1234 1020 1273 1055 ad
1288 1021 1514 1066 Raynaudurn
1528 1018 1744 1056 Monachum
1756 1032 1771 1052 .·
1786 1019 1875 1060 Nosti
1889 1032 1991 1065 quan-

1234 1082 1264 1105 to
1288 1071 1394 1113 fludio
1431 1072 1595 1106 Librorum
1631 1070 1819 1114 exemplaria
1853 1069 1990 1114 undique

1235 1122 1429 1169 conquiram.
1454 1122 1565 1165 Nosti,
1580 1131 1665 1167 ,quot
1684 1121 1852 1166 Scriptores
1875 1119 1909 1154 in
1931 1122 1993 1154 Ur-

1234 1174 1324 1208 bibus
1349 1182 1406 1208 am
1440 1173 1527 1220 agris
1565 1172 1679 1207 haliae
1712 1171 1821 1216 paffim
1855 1170 1993 1205 babean-

1235 1235 1309 1259 eur.
1335 1227 1411 1270 Age
1445 1237 1514 1270 ergo
1548 1223 1597 1264 fae
1631 1232 1666 1256 ut
1701 1222 1779 1256 mihi
1817 1220 1992 1263 scribantur

1236 1275 1399 1309 Manilius
1434 1279 1473 1310 de
1498 1274 1704 1315 Astwhgffl,
1742 1271 1920 1306 Vielorinus
1955 1272 1994 1306 de

1236 1325 1403 1358 Rhttorica
1429 1325 1496 1358 (¹70.
1527 1324 1563 1357 Id
1592 1322 1704 1369 ipsum
1734 1331 1906 1362 praeterea
1935 1334 1992 1356 cu-

1236 1374 1344 1413 rasse,
1381 1383 1420 1407 ut
1447 1387 1489 1408 ex
1519 1373 1636 1407 Gallia
1664 1372 1699 1407 in
1730 1370 1869 1406 Italiam
1897 1371 1992 1405 Scho-

1235 1424 1336 1460 lastici
1363 1421 1616 1458 mitterentur,
1653 1433 1714 1454 nos
1751 1420 1853 1454 docet
1893 1420 1992 1456 illius

1235 1471 1388 1509 Eoistola
1421 1483 1475 1517 13v
1508 1470 1548 1506 ad
1586 1470 1774 1506 Ecbertum
1804 1468 1995 1517 Archiepi-

1237 1522 1376 1565 scopum
1418 1520 1666 1558 Treverensem
1720 1520 1845 1569 scripta
1871 1548 1881 1563 ‚
1935 1520 1996 1557 ubi

1236 1573 1319 1607 haec
1348 1573 1472 1609 verba:
1504 1574 1541 1608 51¹
1567 1572 1769 1612 deliberatis,
1796 1585 1838 1606 an
1864 1571 1996 1606 Schola-

1232 1623 1319 1665 βίοι
1348 1624 1381 1657 in
1410 1625 1539 1659 Italiam
1566 1625 1609 1658 ad
1635 1636 1684 1657 nos
1714 1623 1806 1669 usque
1824 1621 1997 1669 dirigatis,

1237 1673 1394 1713 confilium
1432 1674 1564 1713 ”olivum
1601 1675 1633 1708 in
1669 1685 1776 1718 aperta
1811 1673 1880 1715 esi:
1915 1673 1997 1719 quod

1238 1724 1415 1759 laudabitis
1441 1724 1662 1766 laudabimus,
1696 1729 1776 1768 quod
1805 1723 1913 1767 feretis
1948 1722 1998 1766 se-

1239 1789 1334 1809 remus
1355 1802 1363 1811 .
1402 1777 1612 1821 Quanquam
1649 1773 1848 1816 Sebolafticos
1878 1772 1996 1808 videa·

1241 1839 1316 1861 mus
1344 1827 1535 1870 appellatos
1553 1849 1561 1864 ‚
1598 1823 1658 1871 qui
1696 1836 1787 1858 nunc
1814 1824 1998 1864 skulans,

1240 1877 1365 1912 Italice
1386 1876 1525 1917 scolari,
1551 1875 1815 1922 apppellantur‚
1842 1873 1879 1908 in
1901 1885 1998 1920 prae-

1242 1927 1383 1962 laudato
1411 1925 1609 1971 Capirulari
1645 1924 1809 1961 Letharii
1841 1925 1865 1958 l.
1893 1935 1931 1958 ac
1958 1922 1997 1959 in

1242 1978 1321 2012 aliis
1349 1978 1420 2024 ejus
1447 1978 1479 2012 &
1511 1975 1683 2023 sequen-‘is
1720 1974 1834 2010 Seculi
1874 1986 1999 2009 monu-

1243 2027 1394 2063 mentis:
1438 2037 1590 2063 attamen
1619 2026 1792 2074 insurgere
1819 2023 1996 2060 dubitatio

1244 2077 1367 2127 possit,
1396 2092 1436 2113 an
1466 2077 1543 2114 heic
1580 2076 1696 2127 potius
1727 2077 1764 2111 ea
1792 2088 1876 2111 voce
1903 2075 1997 2109 Scho-

1243 2130 1345 2164 larum
1386 2129 1538 2173 Magistri
1558 2156 1568 2171 ,
1614 2141 1699 2176 quos
1737 2126 1859 2161 Lenori
1894 2137 1999 2160 voca·

1245 2193 1320 2216 mus
1341 2207 1349 2219 ,
1379 2179 1641 2226 fignificentur,
1677 2191 1762 2225 quos
1790 2177 1827 2212 in
1857 2175 1999 2211 Italiam

1244 2244 1362 2266 eorum
1389 2230 1603 2278 indigentem
1632 2228 1832 2264 adicisceret
1851 2227 2000 2262 Gerber-

1243 2291 1297 2316 tus
1316 2307 1324 2316 .
1362 2282 1468 2316 Certe
1496 2278 1640 2323 ipsemet
1667 2279 1853 2313 Gerbertus
1880 2275 2000 2323 appel-

1244 2332 1336 2366 latur
1362 2330 1561 2371 scholasticus
1592 2328 1625 2364 in
1654 2328 1726 2375 ejus
1751 2326 1903 2373 Epistola
1923 2324 1999 2362 edi-

1244 2391 1279 2416 ta
1308 2395 1326 2416 a
1353 2379 1572 2416 Mabillonio
1604 2378 1696 2414 inter
1723 2388 1837 2412 vetera
1867 2377 2000 2412 Anale-

1245 2431 1325 2467 fia.
1362 2432 1401 2466 In
1443 2430 1522 2466 aliis
1559 2443 1697 2478 quoque
1732 2427 1895 2476 Epistolis
1936 2427 1999 2463 ille

1245 2482 1312 2518 sese
1339 2481 1500 2517 inscribit
1526 2482 1678 2526 quondam
1699 2478 1937 2522 Scholasticum‚
1963 2478 1999 2513 &

1244 2532 1280 2569 in
1319 2532 1569 2569 conciliabulo
1612 2528 1768 2566 Remenfi
1809 2529 1838 2565 is
1876 2528 1999 2564 habuit

1247 2582 1451 2621 Defensores
1472 2583 1652 2630 Iohannem
1677 2580 1896 2625 scholasticum
1922 2582 2001 2614 Aa·

1849 2630 1947 2676 nffio-

2208 2346 2216 2402 «ειη.-
