2216 3100
413 204 465 244 23
764 191 943 237 ΑΝΤ]

951 192 1137 252 QUJT.
1168 192 1379 237 MEDJJ
1403 196 1568 240 AEVJ
1859 219 1914 260 24

401 249 508 291 Signfi
533 261 644 284 manus
679 252 722 295 *P
759 253 959 288 Pranduloni
981 268 1107 301 germa-
1138 254 1173 288 A
1211 255 1452 301 redemtionem,
1487 268 1544 292 aut
1582 258 1684 294 aliam
1723 261 1894 306 quamlibet
1927 276 1966 298 a-

349 310 388 330 no
414 296 483 338 ejus
510 298 606 340 reste.

397 349 446 382 Et
464 347 592 395 signum
618 364 729 387 manus
755 356 797 398 ἧς·
825 355 1030 402 Recbiprand
1058 356 1105 401 fi-

349 395 393 430 lio
419 401 573 443 quondam
600 403 740 437 Deorelli
765 406 858 449 teste,

398 450 468 492 Ego
494 451 550 497 qui
569 452 668 498 supra
695 455 851 498 Gauspert
876 457 1015 503 Scriptor
1037 458 1105 504 post

345 500 547 534 traditionem
573 504 724 548 complevi
749 504 795 543 &¹
821 507 915 542 dedi.

396 551 468 596 Ego
502 553 692 588 Gualbertus
726 556 878 591 Notarius
915 556 962 595 &³
993 559 1105 603 Judex

339 597 424 643 sacri
464 603 589 638 Palatii
622 604 780 651 scriptor,
816 608 1026 642 authenticum
1062 610 1101 643 il·

344 649 403 682 lud
428 650 502 685 viai
527 654 574 691 (φ
600 654 686 699 legi,
723 667 758 690 ut
794 658 826 690 in
862 659 914 692 hoc
949 661 1104 705 exemplar

338 698 490 742 scriptum
517 702 579 746 est,
607 705 650 738 Θ·
675 709 756 752 quod
776 707 860 743 inibi
879 709 1030 757 scriptum
1051 711 1099 745 in-

343 750 441 791 veni,
464 750 607 794 fideliter
633 758 833 801 exemplavi.

394 800 502 837 Hisce
547 804 631 841 adde
669 810 898 854 percelebrem
944 825 982 848 ac
1024 812 1102 848 ubi-

345 861 411 896 que
441 851 603 889 usitatum
641 855 686 892 iis
714 861 930 908 temporibus
972 863 1100 899 benefi-

344 901 479 959 centiae
522 904 627 941 ritum
671 908 707 943 in
746 911 941 958 Pauperes,
979 927 1102 962 nempe

344 964 441 987 varia
482 967 606 1002 genera
645 957 786 995 Piorum
826 965 1003 1000 Locorum
1035 964 1102 1001 five

343 1001 510 1039 domuum
548 1007 783 1055 eretffionem,
821 1013 880 1049 ubi
917 1014 1026 1051 variis
1067 1030 1099 1051 e-

343 1053 501 1100 gentium
535 1058 790 1096 neceffiratibus
828 1063 991 1109 singulari
1029 1064 1100 1099 Ca-

343 1102 448 1139 ritate
476 1119 514 1140 ac
551 1108 795 1144 munificentia
832 1113 1101 1150 occurrebatur.

340 1155 451 1188 Erant
481 1167 542 1199 pro
571 1159 875 1205 Aegrotantibus,
914 1171 1013 1198 erant
1040 1177 1102 1211 pro

343 1202 554 1250 Hospitibus
582 1206 650 1242 five
672 1210 888 1258 Peregrinis,
915 1221 1014 1248 erant
1042 1227 1103 1262 pro

343 1252 540 1290 Infantibus
578 1258 764 1305 expositis,
803 1275 865 1309 pro
898 1263 1102 1307 Orphanis‚

342 1315 405 1350 pro
434 1305 627 1351 Invalidis,
665 1322 703 1344 ac
742 1312 916 1357 Senibus,
953 1313 991 1349 ὅ(
1020 1314 1101 1351 reli-

342 1366 413 1400 quo
440 1356 630 1403 Egentium
660 1361 790 1409 vulgo:
831 1363 880 1399 ita
910 1373 948 1400 ut
976 1379 1102 1401 unum-

343 1404 506 1452 quodque
549 1409 742 1457 Pauperum
787 1427 893 1460 genus
935 1415 1102 1457 haberet,

343 1454 433 1490 unde
461 1455 520 1491 fibi
551 1459 753 1506 praesidium
788 1463 889 1499 facile
918 1467 1101 1514 conquire-

342 1514 414 1541 ret.
456 1507 531 1542 Post
567 1509 682 1546 datam
711 1527 729 1548 a
757 1512 992 1552 Constantino
1022 1517 1100 1553 Ma·

343 1568 413 1602 gno
441 1570 558 1604 pacem
589 1562 758 1598 Ecclesiae
797 1565 864 1611 jam
893 1566 1103 1604 invalescere

343 1618 531 1654 coeperunt
559 1611 727 1657 ejusmodi
753 1612 971 1653 Christianae
1000 1619 1100 1655 Cari-

342 1657 426 1692 tatis
453 1658 636 1696 domicilia
666 1671 769 1710 atque
797 1668 955 1716 aerariag
985 1671 1098 1717 plura-

343 1719 409 1751 que
436 1711 596 1757 exempla
634 1711 820 1759 suppetunt
857 1717 893 1753 in
933 1719 1100 1755 Ecclesia-

340 1756 421 1792 stica
449 1760 628 1797 Historia.
666 1764 762 1800 Mihi
800 1767 881 1803 satis
909 1770 976 1805 erit
1004 1776 1117 1806 com?

340 1820 534 1845 memorare
575 1814 705 1861 Legem
747 1817 807 1862 46.
843 1820 1033 1861 sancimus,
1070 1821 1101 1861 fi

339 1858 411 1903 quis
438 1860 504 1894 &a
533 1863 666 1899 Codice
693 1865 925 1909 Justinianaeo
946 1870 986 1906 de
1014 1871 1098 1918 Epi-

339 1908 430 1957 l‘cop.
459 1908 495 1945 δί
525 1910 658 1949 Cleric.
696 1916 756 1952 ubi
798 1918 946 1960 justinus
975 1923 1099 1970 Augu—

338 1957 404 1993 stus
440 1973 528 1995 curae
565 1966 631 1997 Deo
665 1968 850 2003 amabilium
879 1972 1099 2017 Episcoporum

338 2012 529 2045 commendat
552 2015 653 2057 facere
681 2018 913 2063 aedificationes
938 2022 1095 2068 sanc‘liffi—

337 2073 458 2094 marum
500 2065 704 2104 Ecclesiarum
728 2093 739 2108 ‚
789 2070 833 2104 (9¹
883 2073 1098 2117 Hospitalium

339 2110 420 2157 (ubi
451 2113 626 2162 Peregrini
655 2117 893 2166 recipiuntur,
922 2136 1010 2169 quae
1035 2128 1096 2159 Xe-

338 2163 487 2197 „edm-hia
528 2177 667 2214 quoque
715 2172 1006 2220 appellabantur)
1050 2174 1096 2212 &⁹

337 2214 631 2251 Gerontocomiomm
660 2218 749 2265 (ubi
787 2224 888 2257 Senes
925 2224 1095 2272 aluntur)

336 2273 394 2297 aut
428 2265 759 2313 Orphanotrophiorum
796 2272 881 2319 (ubi
920 2274 1096 2322 Orphanis

337 2313 544 2351 alimentum
583 2319 786 2369 confertur)
822 2335 880 2357 aut
920 2326 1096 2359 Ptocbotro-

332 2363 477 2408 phiorum
504 2367 590 2413 (ubi
624 2371 789 2419 pauperes
818 2374 949 2409 teEium
977 2376 1010 2409 δ(
1040 2374 1095 2410 vi-

338 2412 431 2451 sti-um
485 2417 707 2469 inveniunt)
753 2434 809 2458 aut
854 2425 1095 2466 Nosocomiorum

339 2464 426 2510 (ubi
457 2469 565 2514 Aegri
593 2471 797 2510 nutriuntur
831 2484 936 2523 atque
973 2489 1094 2511 curan-

338 2518 423 2565 tur.)
464 2519 707 2562 cetffiyufiionem
735 2551 747 2569 ,
791 2535 847 2560 aut
887 2527 1095 2573 Captivorum

1135 1605 1166 1638 D

1210 303 1340 340 monem
1375 307 1482 353 piam.
1525 307 1618 343 Infra
1656 322 1796 358 quoque
1833 321 1967 359 praeter

1209 355 1477 404 Orphanotropbos
1519 361 1744 406 Brophotropbi
1779 362 1967 398 nominan-

1209 412 1292 450 tur,
1328 406 1395 443 hoc
1424 407 1468 443 est
1495 408 1741 456 Orphanorum
1780 411 1817 448 ἃ
1848 412 1967 448 Infan-

1209 455 1299 491 tium
1322 467 1495 494 curatores
1523 460 1559 494 in
1588 460 1656 507 piis
1683 459 1791 496 locis.
1821 464 1968 507 Propte-

1208 519 1264 541 rea
1300 509 1479 543 certabant
1520 509 1557 544 in
1603 511 1705 546 Italia
1746 512 1964 558 Christiani,

1210 565 1247 591 ut
1275 556 1472 606 hujusmodi
1503 570 1684 608 perpetuae
1711 560 1884 599 Caritatis
1911 563 1967 599 of·-

1209 605 1329 643 ficinas
1357 609 1393 643 in
1426 609 1609 653 Urbibus,
1646 610 1683 645 in
1723 614 1817 661 pagis
1854 614 1968 661 erige-

1208 666 1303 692 rent.
1334 660 1481 695 Nullum
1511 660 1579 696 fere
1607 660 1858 698 Monasterium
1889 665 1967 710 pin-

1207 720 1271 755 gue
1298 719 1397 749 erat,
1425 711 1482 746 cui
1509 711 1642 747 adnexa
1671 725 1739 747 non
1769 712 1858 749 foret
1886 715 1966 749 Ho-

1207 758 1340 802 spitalis
1368 760 1517 801 domus,
1546 762 1582 797 in
1611 776 1713 810 quam
1744 763 1966 800 divertebant

1208 809 1385 858 Peregrini
1413 810 1451 847 ὃ(
1482 814 1648 860 Pauperes
1678 813 1862 861 pascendi.
1893 817 1965 850 Im-

1206 872 1263 894 mo
1291 862 1327 895 in
1356 862 1524 898 Concilio
1547 864 1814 912 Aquisgranensi
1845 864 1965 901 Primo

1204 911 1236 944 &
1278 913 1434 947 Secundo
1471 912 1507 948 id
1547 927 1607 961 pro
1641 916 1717 962 lege
1764 914 1967 951 costitutum

1204 960 1291 998 fuit.
1320 962 1486 1012 Episcopi
1513 965 1620 1000 'etiarn
1649 964 1686 1001 ἃ
1707 966 1881 1001 Canonici
1904 979 1965 1013 pa-

1203 1011 1254 1046 ria
1304 1013 1520 1049 Christianae
1572 1015 1797 1052 liberalitatis
1843 1015 1963 1052 officia

1205 1060 1439 1105 praestabant.
1468 1064 1571 1096 Tunc
1599 1073 1714 1097 autem
1744 1066 1967 1111 peregrinan-

1203 1109 1291 1144 tium
1321 1111 1426 1158 longe
1463 1113 1574 1159 major
1611 1112 1710 1157 copia
1747 1122 1820 1148 erat
1858 1115 1964 1161 quam

1202 1159 1324 1193 nostris
1345 1161 1582 1206 temporibus.
1605 1162 1817 1198 VValafridus
1839 1165 1965 1199 Strabo

1203 1208 1284 1244 Lib.
1328 1221 1360 1245 z.
1403 1209 1492 1252 Cap.
1532 1224 1593 1257 47,
1636 1213 1676 1246 de
1715 1213 1800 1248 Vita
1844 1213 1963 1250 SanEH

1202 1259 1328 1299 Galli,
1367 1261 1567 1307 praesertim
1611 1263 1767 1297 nationem
1807 1267 1965 1298 Scotorum

1202 1321 1432 1355 commemorat,
1471 1313 1582 1358 quibus
1609 1313 1790 1357 consuetudo
1823 1314 1966 1361 peregri-

1202 1363 1303 1395 nandi
1336 1361 1405 1407 jam
1439 1373 1537 1406 paene
1573 1363 1607 1397 in
1644 1376 1790 1398 naturam
1821 1365 1966 1409 conversa

1201 1411 1262 1450 cll.
1300 1413 1403 1447 Tunc
1440 1415 1546 1448 etiam
1575 1413 1644 1449 alia
1672 1413 1791 1449 officia
1818 1414 1965 1451 Carita-

1202 1461 1248 1496 tis
1276 1474 1314 1496 ac
1341 1463 1567 1499 liberalitatis
1596 1463 1634 1498 in
1663 1465 1831 1512 Pauperes
1858 1466 1965 1514 longe

1203 1511 1334 1560 majora
1371 1525 1475 1559 quarn
1514 1527 1628 1553 nunc,
1667 1513 1704 1550 &
1741 1513 1901 1550 uberiora
1928 1529 1965 1551 e-

1202 1572 1300 1597 rant:
1331 1564 1424 1610 quod
1450 1573 1541 1599 certe
1569 1565 1684 1599 dicere
1712 1565 1840 1611 pudet,
1868 1574 1965 1601 tace-

1201 1627 1236 1648 re
1265 1623 1381 1648 tamen
1409 1626 1478 1648 non
1509 1615 1630 1660 juvat.
1669 1615 1764 1650 Hinc
1801 1614 1896 1650 enim
1923 1616 1960 1651 δι

1202 1664 1311 1711 majus
1341 1663 1583 1700 Ecclefiasticis
1611 1664 1722 1708 viris,
1750 1678 1861 1713 eoque
1888 1678 1964 1701 ma-

1201 1715 1253 1763 jus
1282 1715 1525 1754 Secula-ibus,
1553 1724 1626 1751 erat
1654 1715 1778 1755 decus,
1815 1716 1849 1750 δε
1886 1715 1960 1763 spes

1201 1765 1364 1812 grandior
1385 1766 1495 1813 Regni
1510 1766 1683 1801 coelestis.
1701 1768 1845 1802 Saeculo
1856 1766 1965 1803 Chri-

1201 1816 1325 1851 stianae
1346 1818 1458 1852 Aerae
1485 1817 1633 1852 Decimo
1657 1816 1961 1852 Mediolanensem

1201 1865 1387 1902 Ecclesiam
1426 1867 1646 1903 teterrimum
1685 1867 1841 1903 Schisma
1868 1865 1962 1902 affli-

1202 1918 1286 1961 xit,
1329 1916 1560 1954 Pontificatus
1598 1917 1711 1953 caussa
1748 1917 1962 1953 certantibus

1201 1967 1357 2004 Manaffe
1398 1978 1502 2016 atque
1542 1969 1789 2004 Adelmanno.
1827 1969 1879 2002 De
1914 1967 1960 2003 iis

1201 2019 1408 2066 Arnulphus
1449 2019 1486 2055 in
1532 2019 1660 2054 Histor.
1703 2016 1959 2054 Mediolanens.

1201 2069 1284 2106 Lib.
1326 2069 1463 2117 primo,
1508 2068 1598 2116 Cap.
1633 2083 1669 2115 4.
1709 2069 1790 2104 haec
1832 2067 1960 2103 habet:

1201 2119 1356 2155 Arderico
1391 2120 1543 2165 Episcopo
1579 2123 1622 2154 ad
1662 2119 1794 2164 superna
1828 2128 1962 2158 vocato,

1200 2178 1364 2215 eruperunt
1408 2173 1469 2202 duo
1513 2170 1691 2211 adversarii
1729 2168 1961 2209 Ambrofianae

1199 2219 1372 2263 dignitatis
1406 2219 1576 2254 ambitione
1606 2219 1763 2262 succensi:
1799 2217 1962 2264 Manaffes

1199 2270 1347 2305 videlicet
1374 2269 1573 2308 Arelatensis
1600 2270 1792 2315 Episcopus,
1829 2268 1875 2306 &⁴
1903 2271 1962 2304 A·

1199 2322 1363 2356 delmanus
1402 2321 1570 2364 Presbyter
1611 2318 1857 2361 Mediolanenfis
1887 2318 1963 2356 &c-

1199 2376 1337 2417 Cumque
1362 2370 1419 2405 diu
1446 2372 1660 2404 contenderent
1674 2394 1684 2410 ,
1712 2370 1767 2404 ille
1793 2384 1829 2404 ex
1855 2370 1962 2404 datio-

1200 2436 1236 2456 ne
1264 2421 1384 2465 Regis,
1406 2421 1523 2463 scilicet
1545 2420 1750 2467 Burgundiae
1778 2420 1869 2467 (hoc
1890 2419 1960 2465 est,

1200 2472 1362 2519 Hugonis
1391 2471 1514 2507 Italiae
1537 2472 1689 2519 Regi53)
1717 2472 1764 2505 hic
1784 2485 1820 2506 ez
1845 2470 1961 2514 saffia-

1199 2537 1237 2557 ne
1262 2522 1369 2558 Plebis
1388 2549 1399 2567 ‚
1427 2521 1473 2561 &⁴
1500 2523 1538 2557 de
1565 2523 1764 2557 Mediolanio
1791 2521 1958 2608 (gortafl'e

1843 2571 1907 2607 leri
