2216 3100
395 268 450 316 63
754 257 1122 317 ANTJQJT.
1155 257 1372 300 MEDIJ
1398 259 1560 302 ΛΕνι
1858 268 1914 317 64

339 330 393 352 ves
419 330 513 365 neque
532 321 657 364 Pauper
679 319 857 363 peregrinis
883 319 1030 364 Hospitia
1049 321 1101 352 de·
1141 320 1174 352 A
1213 316 1338 353 diffin.
1367 331 1428 365 pro
1456 319 1643 354 Monachis
1672 318 1789 355 Sansti
1815 321 1972 357 Amandi

340 381 452 415 negare
470 371 633 404 audeant:
653 369 729 410 idel}
744 369 814 410 five
834 369 1009 415 Peregrinis
1031 380 1100 413 pro-

337 428 408 464 pter
435 422 536 454 Deum
563 418 798 454 ambulantibus
819 431 874 465 per
901 430 1035 462 terram,
1055 419 1097 459 si-

339 482 380 503 ve
400 470 526 505 cuilibet
547 469 692 504 iteranti.
717 473 846 513 Propter
866 482 996 503 amorem
1017 470 1100 513 Dei,

340 519 383 553 (9
410 531 531 567 propter
554 521 685 564 salutem
713 520 841 554 animae
861 519 958 563 suae,
986 520 1102 553 tedium

339 570 384 604 Θ·
405 570 506 614 focum
534 570 579 608 ό*
606 584 718 616 aquam
751 583 834 603 nemo
871 570 923 603 illi
949 571 1099 610 deneget.

339 621 444 656 Alibi
481 621 519 656 in
556 621 683 657 eisdem
722 619 984 667 Capitularibus
1023 622 1098 654 Ho-

339 670 513 717 spitalitas
550 671 653 706 enixe
690 671 978 705 commendatur.
1018 672 1099 706 Non

339 721 393 756 ait
433 723 580 758 Carolus
597 749 607 765 ,
651 720 843 768 hospitium
888 721 1100 767 Pauperibus

340 773 587 808 tantummodo
626 771 904 808 concedendurn.
936 771 1003 807 Ait
1034 772 1098 805 cui-

338 823 418 857 libat
455 824 605 863 iteranti,
633 821 715 858 idest
744 823 911 856 itineranti
946 831 1017 857 tam
1046 822 1098 857 di-

341 872 410 908 viti
432 874 534 919 quam
559 872 720 921 pauperi.
746 873 781 907 Si
803 872 991 922 Hospitia,
1013 886 1100 920 quae

339 935 432 958 nunc
458 925 571 963 Olim-ie
596 923 832 971 appellamus,
861 923 898 958 in
925 922 985 958 usu
1016 922 1097 958 fuis-

341 973 438 1016 sent,
467 974 544 1010 illic
580 974 710 1009 divites
747 973 869 1009 saltem
905 973 967 1009 fibi
997 987 1099 1021 quae-

341 1023 453 1059 sissent
481 1025 635 1072 requiem
663 1026 697 1059 &
734 1024 875 1060 cibum.
902 1024 998 1060 Idem
1027 1023 1098 1059 Ca-

341 1076 436 1110 rolus
478 1075 630 1124 Magnus
672 1075 709 1110 in
746 1076 841 1121 Lege
879 1073 1100 1118 Langobard.

341 1125 524 1161 undecima
554 1125 718 1164 mandat,
746 1133 781 1156 ut
808 1135 893 1155 nemo
923 1121 1101 1167 praesumat

338 1179 385 1211 ad
411 1188 463 1209 nos
490 1174 632 1208 venienti
660 1171 858 1213 Manfionem
886 1171 996 1218 (idest
1023 1173 1101 1207 Ho-

339 1224 510 1273 spitium)
529 1235 653 1259 vetare.
672 1226 718 1257 Et
733 1236 809 1269 quae
829 1221 992 1266 neceffaria
1002 1223 1100 1266 sunt,

334 1276 417 1319 sicut
443 1276 548 1309 vicino
568 1275 645 1318 suo,
668 1273 699 1307 ei
726 1274 863 1306 vendat.
889 1274 1004 1317 Quam
1031 1273 1100 1307 Le-

341 1338 419 1375 gem
449 1326 499 1360 ita
524 1323 678 1372 explicat
705 1321 743 1358 ἃ
767 1321 952 1357 confirmat
980 1321 1099 1370 Pippi-

341 1389 406 1412 nus
435 1375 558 1411 Italiae
587 1377 659 1409 Rex
688 1373 759 1422 ejus
789 1372 881 1408 filius
908 1375 1002 1421 Lege
1028 1373 1100 1407 sex-

342 1426 516 1463 tadecima
543 1425 636 1461 inter
659 1423 960 1472 Langobardicas:
986 1426 1034 1458 De
1054 1426 1099 1457 E—

339 1477 495 1523 piscopi-v,
521 1476 727 1514 Abeuntibus,
757 1476 799 1509 (9¹
826 1472 1029 1516 Comitibus;
1047 1474 1102 1518 Jeu

343 1529 444 1573 Vaffis
470 1527 664 1569 Dominicis,
685 1526 738 1559 vel
760 1524 887 1571 reliquis
906 1525 1102 1568 hominibus,

341 1581 397 1625 qni
423 1582 466 1613 ad
491 1577 654 1612 Palatium
682 1576 834 1614 veniunt,
861 1575 914 1608 vel
941 1575 1014 1609 inde
1040 1589 1100 1609 va-

342 1633 445 1671 dunt,
475 1629 528 1662 vel
565 1627 743 1672 ubicumque
776 1635 912 1671 pergunt
943 1635 999 1669 per
1034 1629 1100 1660 Re-

339 1692 439 1726 gnum
459 1677 589 1719 nostrum
603 1705 611 1720 ‚
633 1687 667 1709 ut
687 1681 810 1722 quando
833 1676 1001 1722 hybernum
1025 1686 1099 1710 tem-

338 1741 397 1774 pus
420 1729 536 1772 fuerit,
558 1728 664 1762 nullm
687 1727 801 1760 audeat
827 1726 1023 1767 Mansit-mem
1045 1740 1102 1760 ve-

341 1790 407 1815 tare
434 1781 476 1811 ad
503 1778 582 1822 ipsos
609 1778 776 1819 iterantes,
806 1778 840 1810 in
873 1787 998 1811 tantum
1024 1778 1104 1823 quod

342 1829 403 1874 ipfi
423 1830 570 1863 iterantes
595 1827 709 1872 injuste
732 1827 839 1861 nullas
857 1828 962 1871 causas
983 1827 1102 1874 (nunc

341 1880 441 1927 Cose)
478 1879 610 1913 tollant.
647 1877 710 1913 Sed
746 1878 779 1912 ὃ(
819 1877 1020 1912 Ludovicus
1055 1879 1100 1913 ΙΙ.

341 1929 515 1978 Augustus
543 1931 649 1964 Anno
673 1927 805 1964 Christi
828 1930 1042 1964 DCCCLV.
1063 1928 1101 1963 in

342 1979 542 2028 capitulari
571 1977 746 2014 Ticinenfi
771 1992 787 2013 a
809 1991 864 2013 me
886 1979 982 2014 edito
1009 1981 1100 2014 Part.

342 2032 390 2067 11.
419 2031 528 2066 Tomi
558 2029 584 2065 Ι.
614 2032 690 2065 Rer.
730 2028 880 2065 Italicar.
909 2043 984 2078 pag.
1019 2033 1100 2074 158.

343 2081 547 2121 constituit.
577 2089 614 2116 ut
642 2094 659 2116 a
688 2080 865 2115 Fidelibus
903 2080 958 2115 seu
989 2081 1100 2116 Vaffis

341 2131 520 2169 Caesareis
559 2131 626 2166 iter
667 2131 873 2168 habentibus
912 2145 971 2165 non
1007 2133 1097 2165 mole—

335 2184 458 2228 stentur
477 2183 613 2226 incolae,
633 2193 690 2217 aut
712 2195 812 2215 eorum
836 2183 938 2216 domos
960 2192 1014 2227 per
1032 2183 1100 2216 vim

343 2234 523 2273 invadant,
550 2234 604 2267 vel
638 2233 763 2280 propria
799 2233 955 2278 diripiant
991 2233 1101 2278 absque

343 2285 453 2320 collato
476 2285 594 2330 pretio.
621 2286 682 2318 sea
717 2296 814 2329 neque
850 2284 1015 2329 indigenae
1048 2294 1102 2326 per

339 2336 436 2381 solita
472 2337 536 2370 loca
570 2334 704 2372 rdiam,
730 2335 853 2378 focum,
881 2347 1017 2380 aquam,
1055 2333 1100 2372 ὼ

341 2386 465 2433 paleam
491 2384 662 2429 hospitibus
688 2386 858 2430 denegare,
886 2395 942 2418 aut
965 2385 1023 2428 sna
1049 2397 1096 2418 ca-

345 2437 412 2471 rius
438 2448 530 2481 quam
554 2436 670 2471 vicinis
697 2437 834 2469 audeant
866 2435 1018 2469 vendere.
1048 2434 1101 2469 lta

346 2486 383 2523 in
399 2487 601 2532 Diplomate
612 2485 736 2522 Caroli
754 2484 858 2519 Calvi
873 2484 978 2533 Regis
995 2487 1095 2519 Fran-

348 2551 466 2573 corum
496 2540 603 2572 Anno
641 2537 926 2572 DCCCXLVH.
958 2535 994 2569 in
1028 2537 1097 2581 Ap-

345 2589 489 2637 pendice
516 2587 627 2624 Tomi
663 2586 802 2626 secundi
829 2587 960 2622 Annal.
993 2587 1097 2621 Beue-

1213 367 1446 417 praecipitur‚
1473 381 1512 404 ut
1538 372 1581 404 ad
1605 370 1769 416 Hospitale
1795 374 1972 413 Pauperum

1214 419 1358 453 Decimae
1388 421 1604 463 conferantur,
1631 432 1723 466 atque
1759 422 1804 456 ibi
1831 423 1971 466 hospita-

1211 469 1288 503 litas
1315 471 1500 516 regulariter
1525 472 1568 505 ad
1591 471 1716 505 lauaem
1742 472 1804 505 Dei
1827 473 1972 507 exhibea-

1212 529 1263 553 tur
1289 530 1355 554 tam
1383 520 1553 555 Divitibus
1580 522 1674 567 quam
1700 523 1919 568 Pauperibus.

1263 571 1302 604 In
1330 571 1483 605 Urbibus
1510 574 1591 606 verb
1615 572 1791 620 aliquibus
1817 586 1886 608 non
1913 573 1971 610 de-

1212 619 1296 655 fiiffe
1324 620 1514 669 Cauponas
1551 631 1654 668 atque
1686 624 1864 658 Tabernas
1900 624 1972 660 for-

1212 670 1304 705 taffis
1333 670 1537 707 subodorare
1565 672 1633 707 nbi
1661 673 1810 708 videaris
1835 687 1877 709 ex
1903 674 1971 719 iis,

1212 734 1298 767 quae
1324 723 1496 769 Agnellus
1524 721 1665 758 circiter
1690 727 1833 759 Annum
1861 723 1972 760 Chri-

1211 771 1250 806 sti
1281 773 1495 808 DCCCXL.
1524 772 1560 807 in
1591 773 1687 809 Vitis
1726 776 1970 811 Ravennatum

1212 821 1426 857 Pontificum
1454 822 1646 859 describens
1679 825 1808 860 bellum
1840 825 1970 866 civile,

1211 872 1282 907 ait:
1313 873 1431 917 Clausa
1459 873 1537 917 sunt
1572 876 1722 910 Balnea:
1747 876 1971 922 oppilaverunt

1211 926 1371 969 Caupones
1399 924 1561 959 Tabernas
1589 926 1655 961 (γε.
1685 926 1748 961 Sed
1786 927 1879 972 prius
1907 927 1971 962 sta-

1209 974 1377 1009 tuendum
1407 973 1518 1018 foret,
1546 975 1630 1022 quid
1658 975 1820 1021 Tabernae
1855 977 1972 1013 nomi-

1210 1037 1252 1057 ne
1277 1023 1480 1070 significarit
1504 1027 1697 1071 Agnellus.
1722 1027 1776 1062 Ibi
1801 1037 1893 1062 certe
1916 1028 1971 1063 vi-

1209 1084 1316 1114 num,
1344 1071 1456 1105 immo
1483 1073 1517 1105 &
1546 1074 1614 1106 alia
1642 1075 1874 1108 comestibilia
1912 1089 1973 1111 ve-

1211 1120 1356 1156 nibant.
1395 1122 1570 1156 Incertum
1610 1125 1714 1162 verb,
1742 1136 1785 1157 an
1821 1125 1856 1158 δ(
1894 1124 1972 1161 illic

1210 1170 1402 1217 hospitium
1446 1172 1685 1217 praeberetur.
1725 1175 1764 1208 In
1801 1173 1972 1211 Concilio

1182 1228 1184 1233 ’
1208 1220 1401 1255 Turonenfi
1426 1222 1576 1263 Tertio,
1598 1223 1706 1256 Anno
1733 1225 1970 1262 DCCCXlIl'.

1208 1269 1348 1305 Canon.
1388 1283 1446 1306 21.
1489 1270 1675 1316 statuitur,
1713 1286 1750 1306 ne
1789 1275 1972 1321 Presbyteri

1208 1323 1368 1356 Tabernas
1391 1321 1611 1368 ingrediantur
1634 1325 1829 1363 comedendi,
1855 1325 1969 1360 biben-

1206 1372 1284 1405 dive
1318 1373 1449 1413 caulsd.
1487 1372 1699 1408 Ammianus
1739 1375 1969 1412 Marcellinus

1208 1421 1290 1457 Lib.
1331 1425 1386 1458 28.
1416 1421 1506 1470 Cap.
1542 1436 1577 1468 4.
1607 1423 1736 1458 Histor.
1763 1425 1804 1460 de
1838 1428 1971 1475 Ampe—

1207 1472 1259 1506 lio
1297 1472 1475 1507 Praefee‘co
1513 1474 1693 1508 Praetorio
1730 1475 1896 1522 loquens,
1924 1477 1967 1512 ad

1209 1523 1353 1555 Annum
1379 1520 1512 1557 Christi
1536 1525 1769 1560 CCCLXIX.
1794 1525 1865 1561 ait:
1892 1531 1970 1562 Sta-

1207 1582 1331 1615 tuerat,
1359 1585 1396 1605 ne
1422 1572 1571 1607 Taberna
1595 1575 1726 1609 vinaria
1762 1587 1835 1609 ante
1862 1577 1970 1612 horam

1208 1632 1352 1669 quartam
1376 1623 1568 1665 aperiretur,
1593 1637 1671 1658 neve
1695 1627 1739 1659 ad
1764 1626 1856 1672 usque
1875 1638 1971 1672 prae-

1141 1669 1175 1704 D
1201 1673 1349 1716 stitutum
1376 1674 1441 1706 diei
1470 1674 1612 1717 spatium
1638 1675 1723 1708 lixae
1758 1676 1871 1710 coctam
1895 1688 1970 1721 pro-

1205 1734 1353 1771 ponerent
1387 1737 1507 1758 carnem
1523 1752 1533 1768 ,
1568 1725 1622 1759 vel
1661 1725 1799 1768 honestus
1837 1727 1968 1772 quidam

1208 1776 1358 1808 mandens
1381 1774 1542 1808 videretur
1567 1775 1600 1808 in
1624 1776 1766 1821 publico.
1793 1778 1902 1812 Erant
1929 1776 1968 1814 &

1209 1827 1371 1860 Tabernae
1389 1825 1560 1869 asturiae,
1577 1834 1681 1873 atque
1701 1827 1810 1866 aliae,
1828 1827 1863 1862 in
1887 1829 1968 1874 qui-

1209 1875 1271 1911 bus
1298 1874 1463 1918 obsonia,
1491 1886 1552 1911 aut
1579 1878 1668 1911 aliae
1705 1890 1833 1913 merces
1863 1891 1968 1914 vena-

1208 1927 1257 1961 les
1285 1935 1402 1962 erant.
1429 1926 1512 1962 Inde
1540 1926 1601 1961 fibi
1630 1926 1764 1962 viekum
1794 1927 1968 1977 peregrini

1209 1977 1478 2024 comparabant,
1502 1977 1692 2025 hospitium
1723 1991 1805 2014 vero
1832 1979 1867 2013 in
1894 1979 1968 2026 pri-

1209 2038 1370 2063 vatorum
1408 2028 1572 2068 aedibus,
1611 2041 1730 2064 eorum
1772 2028 1965 2073 videlicet,

1209 2079 1270 2125 qui
1295 2079 1374 2113 inde
1400 2079 1535 2114 lucrum
1562 2078 1673 2114 facere
1697 2078 1903 2127 cupiebant,
1925 2092 1965 2114 ac

1209 2142 1279 2163 non
1316 2127 1484 2168 difficile,
1514 2139 1552 2165 ur
1583 2138 1689 2177 put0,
1716 2129 1812 2178 genti
1852 2129 1968 2166 nobili

1209 2187 1268 2214 aut
1305 2179 1390 2213 bene
1425 2190 1626 2214 nummatae
1662 2181 1908 2223 occurrebant,
1941 2179 1966 2215 fi

1209 2228 1347 2276 quando
1379 2227 1526 2268 amicis,
1553 2238 1611 2264 aut
1640 2230 1788 2264 Tefferis
1825 2231 1968 2266 destitu-

1209 2281 1260 2319 ti,
1297 2278 1487 2326 hospitium
1529 2292 1691 2326 quaerere
1733 2281 1965 2328 cogebantur.

1209 2333 1419 2375 Anonymus
1446 2330 1682 2365 Salernitanus
1718 2330 1755 2366 in
1786 2331 1967 2378 Paralipo-

1210 2380 1319 2416 menis
1345 2394 1363 2415 a
1390 2393 1445 2415 me
1469 2380 1576 2415 editis
1602 2382 1694 2416 Part.
1718 2383 1762 2416 11.
1787 2381 1897 2417 Tomi
1923 2382 1968 2417 II.

1210 2435 1286 2468 Rer.
1327 2431 1475 2466 italicar.
1503 2444 1579 2479 pag.
1619 2443 1701 2466 221.
1740 2431 1968 2480 Amalpbita-

1209 2495 1271 2518 nos
1298 2491 1504 2517 mercatores
1530 2483 1747 2522 Tarentum,
1771 2496 1858 2530 quae
1883 2492 1968 2517 tunc

1209 2533 1337 2567 Civitas
1381 2532 1607 2576 opulentrffima
1653 2541 1725 2567 erat
1742 2560 1752 2575 ,
1794 2532 1966 2580 ριόἶεᾶος

1209 2585 1317 2619 Anno
1354 2583 1569 2620 DCCCXL.
1602 2583 1766 2624 exhibet,
1793 2592 1831 2618 ut
1868 2582 1966 2618 Sico-

1839 2634 1918 2669 nol-

2192 827 2199 850 l

2190 853 2201 893 ιμὶ

2195 906 2202 946 ζι

2193 1039 2203 1291 »zamffi—-nQ--ae—-m
2194 1005 2199 1032 -Δ-
2194 984 2199 998 -Α
2195 957 2200 976 *-

2211 1608 2212 1613 „
2196 1536 2204 1573 κ..
2192 1423 2206 1523 vm»-
2195 1346 2203 1407 -e-u—
2200 1317 2203 1332 .„
