2216 3100
446 226 525 267 335
793 208 1161 267 ANTIQUIT.
1193 205 1404 249 MEDH
1434 207 1598 249 AEVI
1868 220 1950 265 335

385 271 444 306 lud
472 281 620 305 nomen:
650 267 716 304 hoc
753 268 819 313 est,
850 269 1013 303 Martinus
1040 268 1142 302 Cleri·
1185 268 1213 302 Α
1251 264 1507 313 distinguendos
1531 266 1690 314 usurpare
1715 275 1881 314 pergunt.
1908 270 1945 305 Id
1970 283 2007 305 e—

386 335 458 361 cus,
485 321 540 368 qui
566 321 608 354 (θ’
633 323 712 365 ,Α’ζο
737 329 884 355 vocatur.
913 318 1013 355 Hinc·
1036 318 1140 353 intel-

386 371 496 420 ligis,
537 383 634 406 ruere
673 370 908 417 conjeauram
950 367 1142 405 Clariffirni

386 421 564 460 Leibnitii
602 420 781 469 putantis,
809 433 936 456 nomen
973 423 1050 464 Azo
1086 431 1144 466 per

386 472 663 509 contrastionem
692 471 784 506 idem
813 470 910 506 fuisse
944 479 1047 516 atque
1075 470 1141 503 ,Al-

387 523 513 567 benus‚
551 522 606 558 seu
645 522 869 557 Adelhertus:
906 521 997 567 quod
1035 521 1067 554 &
1108 520 1143 554 in

388 574 512 610 multis
553 572 634 608 aliis
677 571 764 607 locis
801 570 1058 606 animadverti.
1098 571 1143 604 Et

385 624 542 674 profefi’to
570 622 721 660 Chartas
748 621 920 658 ostendere
950 621 1144 668 possumus,

388 689 407 712 e
442 677 568 723 quibus
605 682 742 722 pateat,
780 672 968 720 aliquando
1006 680 1065 706 aut
1101 683 1144 706 ex

389 725 499 763 titulo
536 724 683 772 alicujus
721 722 904 759 ministerii
942 724 974 757 &
1004 720 1144 764 officii,

389 786 450 813 aut
476 790 519 811 ex
545 777 647 818 loco,
668 784 727 821 aut
754 788 797 809 ex
823 773 974 819 parentis
1000 783 1141 807 nomen-

389 826 521 862 clatura
556 824 735 859 distinaos
772 823 870 857 fuiffe
897 822 1079 864 hemina,
1107 830 1145 856 ut

389 875 515 912 erroris
541 873 733 921 periculum
762 881 993 906 averteretur.
1016 874 1141 906 Exem-

389 926 442 975 pli
463 923 597 967 caussfi,
618 932 691 958 erat
716 921 845 969 aliquis
867 921 1052 963 Marchio,
1074 923 1144 955 Co—

389 990 484 1020 mes,
516 974 749 1016 Vioecomes,
777 971 1004 1014 Advocatus,
1033 972 1146 1006 Nota-

388 1027 482 1066 rius,
510 1026 640 1070 Judex,
669 1023 855 1062 scabinus,
884 1021 1004 1057 Vass‘us
1038 1019 1147 1055 alicu-

393 1079 467 1126 jus,
508 1076 689 1120 Presbyter
725 1075 790 1109 &c.
820 1073 910 1108 Satis
945 1073 1148 1120 plerumque

390 1128 460 1164 fuit
482 1125 631 1164 Nomini
649 1125 832 1173 adjungere
849 1124 1015 1159 Titulum
1035 1122 1124 1157 hunc
1137 1148 1147 1165 ,

391 1188 430 1214 ut
455 1179 485 1214 is
510 1178 602 1213 inter
627 1176 714 1211 alios
735 1173 844 1211 Cives
869 1173 1147 1222 dignosceretur.

391 1232 469 1267 Nos
506 1240 644 1275 quoque
675 1226 712 1261 in
749 1225 957 1273 quotidiano
994 1224 1148 1258 sermone

392 1281 586 1329 permultos
613 1276 785 1325 designare
814 1276 983 1317 solemus,
1011 1272 1147 1308 adhibi-

395 1340 433 1367 to
469 1330 605 1364 tantum
629 1327 739 1362 tilulo
773 1325 885 1361 officii
919 1337 997 1359 cum
1032 1322 1142 1358 nomi-

392 1394 458 1420 ne,
479 1388 538 1415 aut
564 1377 774 1426 cognomine
799 1376 941 1411 illorum
960 1401 969 1410 .
992 1373 1068 1409 Ubi
1090 1386 1145 1408 ve-

392 1434 433 1467 ro
474 1429 725 1465 desiderabatur
767 1426 920 1464 titulus,
963 1424 1150 1459 addebatur

394 1480 546 1520 Nemini
568 1480 640 1527 ejus
660 1478 795 1513 Patria:
819 1490 886 1524 qua
906 1475 1042 1510 ratione
1060 1485 1149 1507 nunc

393 1533 501 1568 etiam
532 1530 702 1564 sacrorum
729 1527 992 1562 Coenobiorum
1022 1526 1144 1559 Mona-

393 1582 473 1624 chi,
502 1579 637 1628 abje5’t0
666 1577 910 1626 Cognomine,
938 1575 1002 1610 sese
1031 1573 1147 1610 distin-

392 1639 527 1680 guunt.
558 1629 719 1675 Denique
757 1628 876 1662 addito
913 1626 1056 1661 nomine
1085 1623 1151 1659 five
1192 1617 1222 1650 D

393 1681 507 1719 Patris
524 1709 532 1723 ,
553 1679 620 1714 five
647 1678 775 1714 Matris
789 1706 798 1721 ,
819 1675 1052 1724 complurium
1077 1688 1150 1724 per-

391 1733 475 1770 sona
512 1740 607 1766 certo
644 1728 906 1778 designabatur:
948 1739 1050 1774 quem
1091 1739 1147 1771 po—

391 1783 552 1821 stremum
591 1780 699 1816 ritum
729 1778 847 1814 audivi
889 1777 998 1812 adhuc
1029 1776 1147 1824 perdu—

391 1846 466 1870 rare
493 1833 530 1867 in
568 1830 770 1877 quibusdam
808 1828 955 1863 ditionis
984 1825 1139 1861 Ecclesia-

392 1884 495 1920 sticae
524 1881 619 1929 pagis
647 1878 845 1917 montanis,
872 1891 1019 1925 quorum
1052 1878 1143 1911 inco-

392 1935 469 1976 lae,
497 1932 688 1967 etiamnum
719 1929 874 1976 antiquis
912 1928 1067 1963 moribus
1097 1927 1143 1962 vi-

393 1993 538 2026 ventes,
566 1980 725 2027 negleRO
762 1978 1026 2027 Cognominum
1065 1976 1150 2020 usu,

1251 315 1337 351 tiam
1367 315 1403 350 in
1439 317 1618 352 montibus
1655 316 1894 365 Garfagnanae
1923 321 2008 355 Pro-

1253 365 1410 406 vinciae,
1437 364 1628 402 Mutinensi
1657 368 1746 402 Duci
1774 370 1864 404 ultra
1886 371 2008 416 Apen-

1253 416 1373 451 ninum
1413 415 1605 464 subjefihe,
1633 417 1865 454 animadverti
1896 420 2008 456 adhuc

1253 467 1379 513 p02est:
1410 467 1506 515 cujus
1544 468 1593 502 rei
1630 467 1721 503 testis
1757 468 1801 503 est
1834 469 1921 504 mihi
1949 472 2006 506 lo-

1253 519 1368 565 cuples
1396 531 1464 552 non
1494 531 1580 553 unus
1597 543 1605 552 .
1635 519 1812 554 Praeterea
1839 520 1932 555 idem
1960 520 2011 556 ri-

1254 578 1307 603 tus
1336 569 1423 616 apud
1454 569 1584 603 Arabes
1616 567 1717 604 unice
1753 579 1823 604 erat
1852 570 1940 606 olim
1968 571 2007 607 in

1254 618 1336 653 usu.
1369 620 1499 654 Verum
1530 619 1582 653 uti
1612 618 1813 654 Elmacinus
1841 621 1922 656 Lib.
1954 633 2012 657 12-

1256 668 1386 704 Hnstor.
1412 671 1565 704 Saracen.
1584 668 1672 717 Cap.
1695 672 1727 705 8.
1751 668 1870 704 scribit
1887 697 1896 712 ‚
1922 670 2010 706 Fad-

1255 720 1307 754 lus
1337 719 1477 755 circiter
1515 722 1659 755 Annum
1698 719 1828 755 Christi
1861 722 2014 757 DCCC-

1258 771 1372 804 XVlI.
1401 771 1518 814 primus
1551 770 1700 805 adhibuit
1737 771 1770 803 in
1800 771 2013 814 Eptstotasum

1256 819 1509 864 inscriptionibus
1529 822 1721 868 Cognomina
1745 821 1786 854 (9⁶
1808 823 2012 867 Agnomi'na.

1255 874 1348 905 ..Ante
1373 870 1456 904 em'm
1476 870 1607 914 scribere
1643 873 1767 906 ramim
1789 872 1931 915 solebam
1957 872 2013 906 ho-

1257 922 1354 952 mines
1385 920 1419 953 in
1457 920 1732 965 inscriptionibus:
1765 921 1825 955 «Ab
1861 925 1905 957 Ν.
1936 923 2013 967 filio

1258 971 1300 1003 N.
1329 969 1372 1001 ad
1408 970 1452 1002 N.
1481 967 1593 1011 filium
1630 974 1672 1004 N.
1701 970 1764 1004 Sed
1799 972 1948 1007 minime
1977 986 2015 1008 a-

1259 1017 1326 1065 pud
1357 1017 1621 1060 Musulmanos,
1650 1018 1718 1053 five
1744 1020 1897 1060 Arabes,
1925 1022 2018 1058 anti-

1260 1082 1366 1116 quum
1397 1081 1526 1103 morem
1557 1068 1652 1104 fuifl'e
1687 1069 1937 1110 obliteratum,
1965 1071 2017 1108 sa-

1260 1119 1306 1155 tis
1349 1119 1564 1167 sequentium
1618 1130 1814 1166 temporum
1864 1120 2018 1159 Historia

1262 1170 1398 1218 prodit.
1429 1172 1550 1217 Neque
1579 1171 1646 1205 alia
1674 1171 1809 1206 ratione
1837 1171 1913 1207 usos
1939 1175 2020 1208 Ma-

1261 1220 1348 1268 jores
1377 1220 1506 1254 nostros
1543 1231 1623 1254 ante
1653 1223 1795 1256 Annum
1833 1235 1850 1256 a
1879 1222 2019 1258 Christo

1261 1279 1344 1305 nato
1374 1268 1627 1314 Millefimum‚
1654 1280 1691 1305 ur
1720 1271 1783 1306 sese
1812 1281 1906 1307 certo
1933 1271 2018 1308 defi-

1261 1330 1426 1369 gnarent,
1455 1320 1577 1356 multis
1604 1320 1731 1356 ostendi
1763 1322 1869 1369 posset
1897 1336 2017 1359 exem-

1263 1371 1327 1418 plis
1351 1380 1505 1405 veterum
1529 1370 1736 1407 Chartarum
1752 1400 1760 1412 ,
1782 1386 1865 1419 quas
1887 1374 1922 1407 in
1942 1376 2020 1410 An-

1264 1420 1459 1466 tiquitatib.
1489 1420 1646 1455 Estenfib.
1676 1423 1848 1468 produxi.
1880 1424 1953 1457 Peti
1982 1425 2017 1459 δε

1262 1469 1330 1504 alia
1353 1469 1487 1516 poffunt
1507 1471 1666 1518 exempla
1687 1484 1728 1506 ex
1750 1472 1914 1515 Chastis,
1935 1486 2021 1520 quat

1263 1519 1298 1554 in
1312 1519 1492 1555 Chronico
1505 1520 1730 1556 Vulturnenfi
1748 1523 1912 1570 evulgavi
1930 1525 2021 1562 Part.

1264 1572 1308 1605 II.
1337 1569 1446 1605 Tomi
1477 1571 1503 1604 I.
1536 1573 1611 1605 Rer.
1653 1572 1798 1607 ltalicar.
1830 1585 1905 1620 pag.
1935 1577 2021 1622 387.

1264 1621 1347 1668 396.
1369 1632 1448 1668 397.
1478 1631 1564 1666 411.
1585 1622 1648 1656 ἃς.
1672 1631 1711 1657 ut
1737 1622 1805 1656 alia
1831 1623 2020 1662 omittam.

1263 1674 1338 1719 Ego
1375 1684 1465 1706 nunc
1502 1671 1537 1706 id
1580 1671 1668 1706 mihi
1706 1672 1875 1708 duntaxat
1910 1674 2022 1710 osten-

1263 1721 1410 1757 dendum
1441 1720 1563 1761 sumo,
1593 1721 1726 1758 scilicet
1760 1723 1814 1758 vel
1845 1724 1913 1771 post
1943 1727 2021 1761 An-

1264 1785 1346 1808 num
1385 1771 1613 1807 Millefimum
1653 1774 1842 1821 perdurafl'e
1878 1776 2022 1812 consue-

1264 1823 1421 1859 tudinem
1439 1822 1636 1868 hujusmodi
1649 1849 1658 1858 .
1678 1824 1823 1859 Prodeat
1841 1838 1921 1873 ergo
1943 1828 2021 1862 Pla-

1264 1874 1372 1909 citum
1392 1901 1401 1916 ,
1445 1873 1541 1920 cujus
1583 1873 1821 1909 authenticum
1867 1876 1940 1911 vidi
1984 1877 2022 1913 in

1265 1924 1425 1960 Archivo
1468 1922 1669 1959 Monasterii
1713 1925 2021 1963 BenediEhnorum

1263 1974 1465 2010 §anetarum
1509 1975 1633 2011 Florae
1674 1973 1712 2011 &
1750 1977 1912 2013 Lucinae
1951 1980 2022 2013 Ar-

393 2033 508 2071 Patris
549 2033 685 2068 tantum
726 2030 1001 2079 appellationem
1040 2028 1081 2063 ad
1118 2021 1176 2074 sel
1227 2025 1370 2070 iretii.

393 2144 586 2189 Placitum
619 2156 748 2184 coram
781 2140 979 2183 Bernardo
1020 2141 1057 2180 8(
1093 2135 1323 2179 Mazzolino
1366 2135 1590 2178 Comitibus
1622 2138 1659 2177 8<
1701 2136 1824 2178 Miffis
1857 2137 2020 2182 Henrici

452 2203 572 2258 Regis
606 2203 807 2252 habitum,
838 2201 876 2242 in
911 2215 990 2256 quo
1023 2197 1251 2251 Rodulphus
1288 2196 1418 2235 Abbas
1454 2194 1681 2235 Monasterii
1717 2196 1945 2238 Sanffiarum

520 2261 659 2308 Florae
691 2262 725 2300 &
762 2258 935 2301 Lucillae
966 2257 1115 2299 obtinet
1149 2254 1332 2312 quosdam
1364 2267 1476 2307 agros
1508 2266 1642 2294 contra
1675 2254 1899 2297 Griffonem

679 2318 804 2362 filium
836 2317 1014 2366 Bemrdi,
1044 2318 1110 2372 qui
1143 2316 1280 2356 citatus
1312 2314 1433 2354 sistere
1467 2311 1501 2353 se
1532 2311 1660 2353 noluit
1689 2313 1736 2354 ad

947 2375 1165 2429 Placitum,
1199 2378 1317 2415 Anno
1354 2386 1475 2425 ²014·

496 2496 554 2528 Um
590 2487 808 2531 Ber-nardus,
848 2487 889 2520 θ
926 2484 1149 2521 Mazzolinus

520 2543 681 2580 Comites
708 2541 750 2574 Θ
777 2536 875 2575 Miffi
901 2537 1005 2586 Regis
1032 2535 1148 2585 Einrj-

1178 2486 1236 2584 lEl

1232 2481 1234 2500 ³
1258 2482 1311 2523 ci,
1338 2479 1420 2526 iuffa
1456 2479 1550 2527 ipsius
1577 2481 1703 2516 aberent
1741 2481 1896 2517 Placitum
1919 2492 2013 2529 prope

1257 2533 1432 2570 Civitatem
1468 2531 1640 2569 Antinum
1654 2556 1667 2574 ,
1694 2535 1807 2570 aderat
1842 2532 2013 2569 Rodulfus

1891 2584 1970 2621 Ab-
