2216 3100
395 236 474 275 315
732 221 1112 280 ANTIQUIT.
1144 222 1358 264 MEDIJ
1387 222 1549 264 AEVJ
1818 232 1903 278 316

331 276 587 314 nimadvertere
612 278 807 328 possumus.
833 280 930 316 Vino
956 281 1092 330 indige-

331 327 391 363 bat
428 329 642 376 Aupaldus,
683 329 827 379 insignis
866 331 1091 368 Ambrofiani

326 379 534 415 Monaflerii
571 380 841 417 Mediolanenfis
877 383 1023 426 Abbas,
1059 383 1091 419 i-

328 428 463 477 deoque
483 429 523 464 ad
540 430 676 474 famulos
695 432 816 468 Curris
838 431 914 468 suae
934 434 1090 469 Lemon—

328 488 385 515 tae
413 479 596 529 confugit,
620 495 678 517 eos
705 482 910 530 deprecans,
940 493 979 518 ut
1006 486 1089 519 Mo-

327 531 466 566 nasterii
491 530 748 567 neceffitatibus
772 532 909 567 liberali
934 534 1089 569 oblatio-

326 593 379 616 ner
395 594 496 628 opem
524 581 672 617 ferrent.
702 584 784 617 Non
811 581 1009 619 recusarunt
1034 583 1086 633 ii;

327 629 384 666 sed
414 631 512 667 simul
541 634 691 680 petiere,
720 641 758 667 ut
788 633 906 668 Abbns
942 634 1087 682 profite—

325 691 442 722 retur,
469 696 539 718 non
567 682 655 717 illud
683 695 725 718 ex
753 681 874 719 debito
897 683 928 720 se
953 684 1087 733 exegis-

326 731 382 777 se,
404 733 457 768 sed
483 732 623 781 quidem
650 733 691 767 ab
720 732 762 768 iis
792 746 850 782 per
875 748 989 782 preces
1017 735 1084 771 im-

327 784 492 832 petrasse.
530 785 612 818 Non
639 783 667 818 ii
696 782 794 820 fuiffe
822 785 987 821 videntur
1014 788 1089 822 Ser-

329 834 368 868 vi
389 833 501 880 rigide
522 832 650 878 sumti,
668 832 723 869 sed
745 837 914 871 Manentes
933 836 970 872 in
992 850 1090 883 prae—

327 883 395 919 diis
421 882 650 925 monasterii,
685 883 752 921 hoc
779 885 847 931 est,
876 896 915 922 ut
940 887 1088 936 opinor,
1117 895 1121 930 l

1128 283 1163 316 A
1206 279 1309 315 Aldii
1346 280 1495 321 coloni,
1532 281 1736 329 quibusdam
1773 282 1884 328 paais
1919 283 1961 320 ad

1204 331 1411 366 excolendas
1438 344 1494 366 eas
1529 341 1635 367 terras
1663 332 1808 372 adsciti,
1835 332 1961 381 quibus

1205 390 1322 416 tamen
1344 382 1463 417 Abbas
1488 385 1596 416 Senior
1619 384 1818 420 dicebatur.
1847 386 1962 431 Expe-

1205 432 1294 468 tiere
1322 442 1518 479 praeterea,
1544 442 1582 467 ut
1605 435 1724 470 Abbas
1751 435 1789 469 ea
1815 434 1964 471 occasio·

1205 495 1248 518 ne
1285 482 1422 529 scriptis
1460 484 1742 528 commendaret,
1775 497 1962 532 quaecum-

1205 546 1270 580 que
1297 546 1401 568 onera
1428 531 1565 568 fuerant
1593 533 1642 569 eis
1670 545 1750 569 ante
1778 535 1962 582 imposita.

1206 583 1373 619 videlicet
1401 593 1488 631 quot
1515 584 1660 627 solidos,
1688 594 1776 632 quot
1804 586 1963 621 Formati-

1204 647 1249 668 cos
1287 633 1394 682 (idest
1431 633 1565 678 caseos,
1603 634 1692 669 unde
1729 635 1853 670 Italica
1870 650 1960 672 *vox

1205 685 1417 732 Formaggio)
1431 712 1440 729 ‚
1456 693 1543 732 quot
1564 684 1702 720 modios
1724 685 1858 725 tritici,
1874 700 1938 721 ova
1951 711 1961 726 ‚

1205 736 1319 782 pullos
1345 736 1411 770 &c.
1450 734 1589 783 singulis
1620 735 1719 770 aunis
1751 736 1962 772 Monasterio

1204 786 1388 821 deberent·
1417 788 1470 820 En
1498 786 1666 821 Chartam
1692 799 1762 821 non
1792 787 1891 834 pauci
1914 786 1962 823 fa—

1204 836 1385 879 ciendam,
1413 849 1515 883 quam
1547 850 1590 872 ex
1619 836 1780 873 Archivo
1810 837 1962 885 ejusdem

1204 885 1382 922 Coenobii
1410 886 1588 935 descripsi.

347 994 496 1036 Charta
529 995 759 1038 concordiae
790 995 911 1038 initae
943 996 1046 1039 inter
1079 994 1305 1051 Aupaldum
1342 995 1538 1036 Abbatem
1573 996 1802 1037 Moaasterii
1837 1001 1935 1040 Am-

445 1055 610 1096 brefiani
653 1054 984 1108 Mediolanum,
1024 1057 1062 1097 8<
1104 1057 1291 1097 Famulos
1333 1054 1466 1096 Curtis
1510 1055 1762 1108 Lemontae‚
1801 1056 1850 1097 de

570 1115 740 1156 censibus
771 1129 817 1157 ac
855 1116 1063 1167 oneribus,
1094 1115 1233 1170 quibus
1273 1113 1341 1169 ipsi
1384 1112 1525 1155 famuli
1555 1113 1721 1155 obnoxii

863 1173 976 1229 sunt,
1007 1177 1129 1217 Anno
1161 1172 1306 1215 Christi
1336 1188 1437 1227 957.

326 1288 488 1380 DUm
526 1289 581 1324 vir
615 1291 896 1336 Reverentlffimus
932 1293 1093 1325 Domnus
1129 1292 1160 1325 C
1197 1288 1410 1337 requireret,
1432 1289 1487 1324 vel
1509 1287 1545 1322 in
1567 1287 1734 1335 posterum
1752 1301 1795 1324 ex
1811 1287 1878 1323 hoc
1899 1302 1962 1338 pro
1995 1328 1996 1332 Ἰ

456 1339 640 1388 Aupaldus
660 1341 856 1375 venerabdis
877 1341 1019 1380 Abbas,
1041 1344 1092 1375 in-

327 1400 379 1423 tm
410 1392 443 1423 in
470 1391 628 1426 caminata
654 1392 748 1438 [upra
775 1391 886 1431 solario
912 1391 1005 1434 iuxta
1028 1394 1091 1426 Ec-

328 1439 451 1481 clesiam
483 1440 650 1487 beanffimi
675 1441 838 1482 Ambrosii
867 1442 1008 1481 relideret
1035 1452 1087 1486 pa-

329 1491 408 1524 riter
433 1505 500 1525 cum
523 1493 588 1535 suis
616 1493 805 1534 Monachis,
831 1492 946 1525 ibidem
973 1504 1039 1524 cum
1063 1503 1095 1524 co

326 1540 558 1585 residentibus,
593 1544 685 1575 causo
712 1542 868 1576 utilitatis
892 1542 947 1586 sui
974 1544 1093 1576 Mona—

320 1591 433 1634 sterii,
471 1591 516 1630 &
545 1605 611 1625 cum
637 1591 750 1635 eisdem
780 1591 878 1633 fimul
908 1592 1091 1636 sermocina-

326 1651 397 1675 rer:
423 1641 558 1681 accidit,
586 1651 623 1676 ut
651 1641 733 1676 inter
759 1643 897 1689 reliquas
923 1642 1038 1677 verbus
1066 1642 1093 1675 ἰ-

325 1702 360 1726 ta
379 1691 422 1725 eis
443 1692 675 1738 alloqueretur,
703 1693 807 1727 dicens
817 1706 833 1726 .·
860 1693 996 1729 Scimus
1017 1706 1093 1728 om-

326 1755 407 1785 nes,
437 1745 550 1789 qualis
579 1743 672 1778 inter
708 1757 770 1779 nos
809 1744 977 1780 imminet
1005 1754 1090 1778 tem·
1132 1742 1164 1774 D

326 1806 410 1839 pus,
437 1794 592 1828 maxime
620 1793 658 1829 δε
690 1794 821 1829 fruetus
844 1795 1023 1830 vindemie
1047 1795 1093 1828 ob

325 1842 448 1877 nostris
475 1843 748 1879 imminentibus
788 1846 967 1890 peccatis,
999 1844 1092 1892 quod

327 1893 429 1928 nobis
467 1894 562 1941 pejus
601 1893 727 1928 affidua
756 1895 972 1930 contritione
1010 1894 1092 1929 satis

327 1943 446 1992 fallit3
488 1943 638 1991 ideoque
666 1943 788 1980 solitus
817 1944 866 1980 fui
906 1945 1090 1981 secundum

326 1993 497 2043 ‘temporis
533 1996 741 2042 qualitatem
779 1995 972 2043 aliquantis
1002 1995 1091 2031 vici·
1119 2020 1123 2033 a

331 2046 392 2081 bus
429 2045 540 2080 nostre
569 2046 690 2081 Curris
720 2048 895 2082 Lemonta
927 2047 1091 2083 Famulos

329 2096 460 2132 ibidem
491 2105 751 2132 commanentes
779 2110 944 2142 precare,
976 2106 1014 2133 ut
1042 2097 1089 2132 se-

331 2148 482 2182 cundum
511 2147 550 2182 de
580 2148 722 2182 illorum
755 2147 1020 2196 possibilitatem
1051 2148 1092 2184 de

332 2199 453 2242 Vino,
481 2198 573 2246 quod
602 2197 779 2238 fecissent,
815 2212 885 2235 non
917 2213 979 2239 pro
1008 2213 1092 2234 con-

333 2249 531 2294 ditionem,
571 2248 625 2284 sed
664 2259 804 2297 propter
839 2249 986 2285 nostram
1017 2263 1092 2297 pre-

330 2300 528 2343 cationem,
552 2300 649 2347 juxta
674 2299 766 2346 quod
795 2300 1006 2347 potuissent,
1028 2313 1089 2335 no-

330 2350 383 2386 bis
411 2349 603 2386 deferrent:
634 2351 726 2398 quod
755 2350 806 2385 ita
833 2350 866 2386 se
892 2364 1013 2386 omnes
1042 2350 1091 2387 fe-

331 2401 410 2436 cisse
430 2400 606 2449 hucusque
626 2400 878 2450 cognovimus·
908 2402 1009 2437 Unde
1037 2401 1089 2449 ip-

330 2452 353 2486 fi
383 2452 521 2487 Famuli
550 2452 680 2487 timore
706 2451 896 2499 compulsi,
933 2465 975 2487 ne
1002 2452 1090 2487 hanc

329 2503 565 2550 precationem
594 2501 681 2546 fibi,
702 2501 853 2549 'suisque
890 2503 1090 2550 parentibus

331 2567 393 2602 pro
423 2554 629 2590 conditione
665 2550 792 2590 eisz'in
827 2553 925 2590 usum
961 2553 1090 2603 aliquis

1198 1341 1276 1388 lege
1304 1339 1365 1387 ipfi
1395 1338 1593 1387 requifituri
1622 1340 1843 1387 aliquatenus
1879 1338 1965 1374 fuis—

1201 1389 1273 1424 sent
1291 1416 1300 1424 .
1338 1393 1426 1424 Unde
1458 1390 1581 1432 faC'Ium
1607 1389 1670 1433 est,
1697 1401 1733 1424 ue
1758 1393 1834 1424 dum
1860 1389 1964 1434 predi-

1199 1438 1267 1473 (εἶμι
1297 1442 1437 1473 Domnus
1464 1440 1579 1473 Akbas
1615 1440 1649 1471 in
1686 1439 1754 1482 ipsa
1781 1440 1966 1473 allocutione

1199 1502 1265 1523 cum
1292 1489 1355 1530 suis
1380 1489 1590 1534 alloqueretur
1617 1489 1803 1527 Monacln's,
1829 1489 1964 1533 accidit,

1200 1551 1234 1573 ur
1264 1539 1378 1573 ibidem
1416 1539 1449 1572 in
1488 1539 1588 1572 medio
1625 1539 1774 1578 illorum,
1810 1549 1900 1582 parte
1926 1543 1966 1574 de

1198 1590 1334 1635 prediHi
1359 1589 1490 1623 Famuli
1515 1593 1554 1623 de
1580 1591 1685 1623 eadem
1710 1593 1806 1622 Curta.-
1830 1593 1964 1624 Lemon-

1199 1651 1233 1675 Μ
1260 1641 1472 1678 advenirent,
1510 1640 1670 1684 provoluti
1696 1643 1739 1673 ad
1772 1642 1862 1685 pedes
1891 1651 1964 1683 pre-

1200 1691 1295 1725 libati
1318 1691 1435 1724 Domni
1455 1691 1606 1733 Aupaldi
1630 1691 1794 1732 Abbaris,
1823 1690 1869 1724 ita
1892 1702 1963 1736 pre-

1199 1743 1263 1776 cati
1293 1742 1392 1784 sum,
1431 1741 1600 1774 dicentes:
1638 1740 1792 1775 Domine
1831 1742 1963 1787 precla-

1200 1791 1329 1827 riffime
1350 1791 1491 1831 Senior,
1509 1791 1650 1825 vestram
1676 1790 1880 1838 suppliciter
1899 1790 1963 1827 fla·

1200 1843 1352 1890 gitamus
1382 1841 1600 1881 mercedem,
1629 1851 1798 1888 quatenus
1826 1842 1867 1876 de
1898 1841 1963 1877 Vi-

1201 1906 1268 1937 no,
1291 1892 1382 1940 quod
1404 1892 1497 1937 quali
1528 1900 1685 1935 tempore
1714 1892 1855 1938 aliquod
1887 1905 1963 1937 par-

1201 1954 1270 1978 tem
1309 1942 1532 1986 optulimus,
1572 1942 1654 1977 talis
1691 1943 1818 1978 exinde
1857 1943 1964 1978 vestra

1201 1993 1543 2042 magnificentissima
1560 1993 1729 2028 nobilitas
1747 1992 1890 2039 scriptio
1911 1993 1962 2028 fa-

1201 2057 1275 2080 cere
1296 2044 1480 2092 dignetur,
1503 2053 1541 2079 ut
1571 2057 1638 2078 non
1666 2044 1732 2079 hoc
1760 2044 1861 2078 nobis
1881 2042 1962 2090 qui-

1172 2080 1177 2163 1
1201 2094 1317 2142 squam
1350 2108 1410 2141 pro
1438 2095 1644 2129 conditione
1659 2121 1667 2130 .
1683 2121 1692 2130 .
1708 2121 1717 2129 .
1733 2121 1740 2128 .
1760 2121 1769 2129 .
1798 2093 1851 2128 sed
1882 2106 1961 2138 pro-

1174 2166 1175 2170 =
1201 2155 1277 2191 pter
1314 2147 1547 2192 precationem
1588 2158 1649 2179 nos
1678 2158 1798 2180 omnes
1829 2156 1960 2191 cogno-

1120 2195 1166 2235 2E
1200 2195 1290 2230 scere
1311 2194 1493 2242 poffimus.
1515 2199 1713 2240 Quapropter
1735 2198 1871 2228 Domnus
1894 2199 1961 2229 Re-

1200 2245 1433 2290 veoenutffmus
1457 2247 1568 2279 Akbas
1597 2258 1660 2278 una
1687 2258 1752 2277 cum
1779 2245 1863 2278 omni
1889 2259 1961 2279 con-

1198 2297 1270 2338 silio
1291 2295 1478 2337 confratrum
1503 2295 1624 2337 luorum
1647 2296 1886 2331 Monachum.
1914 2296 1960 2330 eis

1173 2334 1179 2387 Ι
1202 2347 1348 2391 assensum
1383 2345 1508 2392 prebuit
1523 2357 1535 2378 .·
1573 2345 1618 2384 &⁴
1655 2347 1733 2380 banc
1769 2346 1962 2392 scriptionem

1175 2390 1179 2447 Ι
1194 2399 1373 2442 johannem
1393 2397 1480 2438 suum
1493 2395 1703 2442 fideliffimum
1720 2400 1866 2432 Levitam
1886 2397 1961 2436 [cri-

1203 2452 1269 2484 bere
1303 2447 1455 2494 rogavit,
1492 2458 1642 2494 quatenus
1669 2449 1708 2482 de
1742 2451 1842 2482 eodem
1880 2449 1961 2482 Vino

1199 2499 1337 2546 superins
1376 2498 1534 2533 nominato
1568 2512 1668 2533 omnes
1698 2498 1800 2542 sciant
1830 2499 1872 2532 Θ·
1908 2498 1962 2532 ἰκ-

1172 2548 1177 2598 Ι
1205 2549 1354 2597 alligant
1380 2563 1439 2584 non
1467 2560 1524 2596 pro
1553 2550 1778 2595 conditionem,
1809 2550 1866 2594 sed
1892 2559 1965 2592 pro-

1841 2609 1912 2647 pm
