2216 3100
433 262 519 303 479

788 252 1163 309 ANTIQUIT.
1194 253 1406 295 MEDII
1433 254 1597 298 AEVI

1848 263 1936 314 480

376 304 623 353 Rhythmicis,
654 308 800 346 scribere
838 324 909 347 non
947 312 1128 347 dubitave-
1162 312 1212 347 Al
1235 325 1278 347 ne
1305 311 1378 361 ipsa
1405 311 1545 360 quidem
1571 316 1811 352 Grammatica
1837 317 1996 356 fortuna-

375 357 444 392 rit:
483 359 686 403 Corrisponde
722 362 771 395 tal
805 366 954 407 credenza
990 378 1010 397 a
1036 361 1131 409 quell’

374 411 647 446 UNIVERSAL
696 414 1034 457 sENTIMENTO,
1077 425 1131 460 per

372 460 421 493 cui
444 460 627 503 sembriamo
663 462 899 509 immuginarci‚
926 465 978 498 che
1007 463 1126 499 all'en-

371 519 456 544 trare
482 511 516 544 in
553 512 650 546 Italia
676 511 898 555 de'Barbari,
925 528 986 548 uno
1015 514 1130 561 spirito

371 559 534 605 Iapidifico
556 561 705 609 occupaffi
729 564 803 604 tofto
824 563 1040 611 gl’Italicmi,
1065 566 1121 600 tal-

370 611 425 644 ch?
452 611 662 657 impictriffero
699 613 732 647 in
765 628 809 648 un
847 626 995 650 momento
1029 616 1130 659 tutti,

369 662 410 695 n&
436 661 501 696 mai
534 663 592 706 pir}
614 663 768 709 funzione
801 666 916 701 alcuna
949 678 1007 713 per
1034 667 1081 701 lor
1101 665 1132 708 fi

364 710 476 757 faceffe
503 713 542 746 ηὲ
567 714 705 748 animale
731 716 769 748 ηὲ
796 715 1026 758 intellettuale,
1054 720 1131 751 ande

370 763 493 798 debban
528 763 623 797 coloro
657 765 821 804 chiamarlr'
854 768 1043 812 progenitori
1077 781 1131 801 no-

366 812 448 856 stri,
476 826 491 846 e
517 827 538 847 a
563 812 631 859 quc'
643 814 732 858 pochi
760 815 912 855 stranieri
945 816 1048 852 debba
1076 831 1131 863 gr·

369 863 558 898 neralmeme
593 863 772 903 attribuirfi
806 873 887 898 tutto
922 866 986 909 cia,
1014 867 1066 901 che
1098 867 1132 900 in

368 912 471 947 Italia
496 924 513 945 ο
537 912 575 944 di
600 913 720 956 buono,
747 926 764 946 ο
789 914 826 947 di
852 927 900 948 reo
926 917 969 950 da
993 916 1048 963 poi
1073 915 1100 950 τ’
1117 916 1133 949 ὲ

365 961 468 1007 fatto.
506 963 604 997 Haec
640 962 725 1006 ille,
759 976 867 1011 quum
906 975 1024 1002 tamen
1061 979 1131 1002 non

370 1011 484 1047 solum
528 1011 670 1048 absurda
712 1013 798 1049 adeo
838 1015 963 1063 opinio
1003 1030 1127 1064 nequa-

370 1075 476 1110 quam
515 1062 617 1110 poffit
654 1062 721 1099 fine
749 1064 878 1113 injuria
914 1067 1024 1104 tribui
1054 1069 1128 1103 Um·-

367 1113 486 1155 verfis,
515 1113 570 1149 sed
606 1127 649 1150 ne
685 1128 772 1151 unus
808 1116 950 1163 quidem
987 1120 1024 1155 in
1053 1132 1128 1155 eam

369 1163 564 1200 conceffiffe
616 1178 769 1213 unquam
815 1167 945 1204 ostendi
1003 1169 1128 1213 poffit.

371 1215 438 1250 Uti
467 1228 532 1263 ego
560 1214 597 1250 in
621 1216 791 1252 Traeiatu
820 1219 880 1252 Det
906 1223 996 1255 Buon
1016 1221 1130 1263 Gustu,

369 1267 463 1301 Part.
493 1278 526 1300 2.
555 1268 642 1314 Cap.
668 1268 782 1313 primo
805 1269 1046 1312 ostendebam,
1073 1272 1128 1308 [n-

368 1315 470 1364 genia
498 1316 616 1352 eadem
653 1318 818 1354 emersere
855 1319 986 1369 semper
1012 1323 1049 1358 in
1077 1335 1128 1357 re-

368 1366 535 1414 gionibus
571 1367 633 1403 sub
669 1370 770 1404 coelo
808 1369 904 1406 felici
942 1371 1033 1408 sitis.
1066 1375 1128 1408 Pa-

369 1416 423 1451 ria
449 1416 581 1464 semper
604 1417 708 1453 Italia
733 1432 873 1465 quoque
898 1423 1054 1470 peperit,
1076 1424 1126 1458 uti

368 1467 403 1501 &
424 1467 594 1510 Graecia,
618 1468 776 1516 aliaeque
797 1471 962 1507 cultiores
990 1475 1129 1520 plagae.

368 1519 500 1552 Veriim
531 1528 688 1564 tempora
716 1520 780 1554 esse
816 1522 974 1564 possunt,
1002 1523 1129 1567 quibus

367 1567 514 1615 Ingenia
542 1568 602 1603 ista
639 1577 698 1604 aut
727 1569 818 1605 nihil
856 1582 917 1607 aut
943 1575 1060 1618 parum
1092 1574 1128 1608 in

370 1618 506 1653 Literis
533 1619 732 1663 excellant,
759 1621 793 1654 8(
823 1624 991 1658 nonnulla
1020 1638 1061 1659 ex
1089 1624 1132 1659 iis

369 1667 410 1702 ad
449 1667 607 1708 fabulas,
642 1669 683 1704 ad
721 1670 893 1719 ineptias,
933 1674 972 1708 ad
1012 1675 1129 1709 barba·
1153 1675 1204 1713 ‚D

370 1718 459 1754 riem
488 1719 688 1763 declinent,
719 1720 788 1757 sive
815 1736 857 1758 ex
885 1723 1022 1760 defefflu
1050 1725 1132 1761 edu-

370 1769 521 1804 cationis
539 1795 548 1809 ,
586 1770 789 1807 Scholarum
809 1798 817 1812 ,
859 1774 1104 1823 Magistrorum
1123 1803 1134 1820 ‚

370 1819 440 1854 five
467 1821 513 1854 ob
550 1821 773 1865 tyrannicum
808 1824 965 1871 regimen
984 1854 991 1865 ,
1021 1827 1132 1861 bello-

370 1882 448 1905 rum
490 1871 649 1909 rabiem,
689 1883 948 1919 paupertatem,
986 1877 1133 1922 aliisque

369 1920 412 1955 de
440 1918 579 1955 caussis.
618 1923 698 1956 Hoc
736 1933 851 1959 autem
889 1926 974 1971 quin
1012 1927 1131 1963 sensim

372 1969 561 2014 acciderit,
590 1984 632 2006 ex
661 1985 731 2019 quo
769 1976 992 2023 Langobardi
1032 1977 1127 2013 Itali-

371 2034 446 2056 cam
474 2031 611 2069 gentem
641 2036 747 2070 paene
771 2025 965 2062 universam
993 2027 1053 2063 suo
1079 2029 1127 2073 ju-

371 2085 416 2120 go
442 2071 604 2118 pressere,
633 2086 757 2114 nemo,
785 2085 823 2111 ut
850 2076 1022 2118 arbitror,
1047 2079 1127 2114 infi-

372 2122 459 2157 ciari
495 2122 655 2158 audebit.
695 2127 802 2160 Erant
831 2126 910 2163 sane
944 2128 1056 2165 adhuc
1082 2132 1129 2165 E-

371 2172 529 2220 piscopi,
557 2173 713 2218 Clerici,
740 2177 773 2210 &
810 2176 1002 2214 Monachi:
1031 2190 1130 2216 erant

371 2223 531 2268 Judices,
556 2224 744 2261 caussarum
775 2229 938 2268 Patroni,
963 2231 1129 2274 Notat-ii,

371 2274 533 2313 Medici,
562 2288 648 2322 quos
674 2276 711 2311 in
740 2278 873 2314 Literis
905 2280 1039 2324 prorsus
1067 2282 1126 2317 ho-

373 2324 478 2367 spites
507 2325 654 2361 minime
681 2326 840 2363 dixisses.
875 2331 1046 2367 Attamen
1075 2343 1126 2368 to—

372 2385 409 2412 ta
444 2376 526 2412 haec
566 2367 719 2420 supellex
757 2379 966 2416 eruditionis
1002 2382 1131 2431 exiguo

372 2426 566 2463 constabat.
587 2429 661 2463 Aut
682 2429 858 2465 modicum
877 2432 1130 2478 Eloquentiae,

372 2477 643 2519 Ph3ios00hiae‚
680 2479 921 2529 Theologiae,
950 2483 1104 2519 poetices
1118 2512 1128 2527 ,

372 2529 589 2577 aliarumque
626 2529 857 2567 Scientiarum
894 2542 1042 2574 norant,
1070 2544 1131 2570 aut

373 2588 500 2617 norant
535 2580 707 2618 duntaxat
740 2580 977 2632 superficiem.
1014 2585 1131 2622 Immo

1235 362 1308 398 tior
1334 363 1424 411 apud
1462 376 1520 399 eos
1556 364 1645 410 fuit,
1674 377 1712 403 ut
1741 367 1833 416 ipsae
1872 382 1992 406 eorum

1237 413 1410 456 Chartae,
1436 414 1473 449 in
1500 416 1699 453 Tabulariis
1727 418 1918 468 superstites
1944 419 1995 456 sa-

1236 464 1281 499 tis
1311 465 1485 512 produnt.
1513 467 1619 511 Quod
1655 467 1677 502 si
1706 469 1785 517 quis
1820 483 1839 506 e
1865 471 1994 512 Clero,

1235 524 1294 549 aut
1322 515 1361 550 ad
1394 516 1564 562 Populum
1603 518 1705 554 verba
1732 519 1902 564 faciebat,
1931 529 1993 557 aut

1235 565 1306 600 alio
1333 566 1599 602 exercitationis
1635 581 1756 615 genere
1774 595 1783 609 ,
1812 570 1992 608 doffirinae

1238 615 1313 651 suae
1355 616 1633 663 experimentum
1685 618 1858 665 faciebat,
1901 621 1994 657 nihil

1236 665 1298 701 nisi
1319 665 1442 701 tritum
1463 680 1501 702 ac
1524 669 1686 717 vulgare,
1708 669 1883 706 interdum
1905 684 1994 719 quo-

1236 730 1302 763 que
1337 716 1496 764 ineptum
1534 720 1566 753 &
1604 720 1734 762 puerile
1773 720 1994 769 proferebat.

1238 769 1320 801 Uno
1349 769 1478 806 verbo,
1500 767 1522 803 fi
1554 771 1701 804 Romam
1730 771 1907 818 excipias,
1933 771 1994 808 ubi

1237 829 1279 850 ne
1307 825 1389 852 tunc
1416 817 1557 864 quidem
1587 819 1770 856 defiderata
1807 822 1850 856 est
1878 822 1996 870 aliqua

1239 865 1462 902 Literaturae
1498 869 1654 910 cultura,
1682 870 1720 907 &
1758 881 1850 908 certe
1877 874 1996 908 Cano-

1240 929 1334 951 num·
1353 915 1486 963 semper
1511 917 1655 953 scientia
1684 921 1822 969 viguitg
1848 921 1996 959 fortaffis

1240 966 1346 1002 etiam
1375 965 1395 1000 fi
1422 966 1576 1014 excipias
1601 968 1794 1010 Ticinum,
1819 980 1902 1006 tunc
1929 975 1996 1008 Re-

1240 1030 1322 1065 gum
1360 1016 1499 1060 sedem,
1528 1017 1564 1052 in
1602 1032 1669 1065 qua
1707 1021 1801 1055 Urbe
1835 1021 1999 1058 literatu-

1240 1070 1313 1103 lum
1342 1067 1494 1115 aliquem
1523 1067 1626 1104 facile
1654 1068 1786 1118 semper
1811 1069 2000 1118 deprehen-

1239 1119 1360 1154 disses:
1389 1119 1524 1167 reliqua
1562 1119 1666 1155 Italia
1703 1129 1763 1156 aut
1791 1121 1999 1170 analphabe-

1239 1170 1308 1214 tis,
1345 1178 1404 1206 aut
1440 1170 1568 1205 leviter
1605 1171 1741 1206 tantum
1779 1172 1931 1208 literatis
1962 1186 1999 1209 a-

1240 1220 1436 1268 bundavit;
1465 1231 1558 1256 certe
1595 1222 1731 1257 nullum
1768 1221 1894 1271 insigni
1922 1236 2000 1259 eru-

1239 1271 1376 1306 ditione
1403 1281 1565 1305 ornatum
1596 1271 1713 1315 dedit,
1742 1273 1838 1319 cujus
1870 1286 1998 1309 nomen

1239 1330 1298 1357 aut
1327 1320 1429 1356 Libri
1467 1321 1507 1356 ad
1539 1335 1600 1356 nos
1639 1334 1718 1356 cum
1754 1324 1866 1358 multa
1903 1337 2001 1359 com-

1239 1371 1463 1407 mendatione
1491 1370 1602 1406 famae
1638 1374 1880 1419 pervenerint.
1911 1376 2000 1409 Gre-

1239 1423 1356 1469 gorius
1397 1423 1438 1455 11.
1473 1424 1648 1456 Romanus
1687 1424 1850 1458 Pontifex
1891 1427 1999 1459 Anno

1244 1474 1456 1507 DCLXXX.
1480 1473 1630 1518 Legatos
1660 1473 1802 1507 mittens
1831 1474 1872 1507 ad
1899 1473 2000 1509 Con-

1241 1523 1363 1556 cilium
1395 1523 1456 1555 Vl.
1482 1522 1780 1562 Oecumenicum‚
1805 1523 1846 1557 ad
1878 1525 1999 1572 Augu-

1241 1572 1303 1607 stos
1341 1572 1391 1606 ita
1429 1571 1548 1607 scribit
1585 1573 1688 1606 Tom.
1729 1574 1763 1608 6.
1799 1575 2000 1610 Concilior.

1243 1624 1384 1661 Labbe,
1407 1636 1469 1669 oag
1502 1624 1578 1669 634
1610 1625 1670 1656 Pro
1689 1624 1886 1664 abstientia,
1906 1637 2000 1671 quam

1241 1674 1425 1712 debuimus,
1467 1687 1526 1706 non
1566 1685 1620 1718 pro
1664 1673 1853 1713 confidentia
1897 1688 2000 1709 eorum

1239 1725 1404 1768 scientiae,
1447 1724 1516 1756 illos
1555 1724 1744 1768 dirigimus.
1786 1728 1872 1759 sz
1912 1727 2000 1771 apud

1240 1776 1373 1809 homines
1408 1774 1441 1808 in
1477 1775 1576 1808 medio
1616 1775 1762 1808 Gnn'um
1798 1775 1930 1821 politos,
1958 1776 2002 1810 Θ·

1240 1830 1278 1861 de
1313 1825 1418 1859 labore
1457 1827 1586 1869 corporis
1625 1827 1842 1870 quotidianum
1877 1826 2001 1861 vifz'um

1241 1878 1472 1922 conquirentes,
1497 1879 1643 1921 quomodo
1668 1878 1710 1910 ad
1734 1878 1858 1919 plenum
1885 1877 2000 1921 poterit

1242 1927 1382 1960 inveniri
1426 1929 1658 1967 scripturarum
1702 1928 1862 1968 fetentia?
1906 1930 2001 1963 Tum

1243 1977 1378 2015 subdit,
1407 1976 1439 2011 se
1467 1990 1506 2012 ac
1540 1975 1616 2012 suos
1643 1990 1681 2011 ea
1718 1979 1856 2012 tanturn
1885 1987 2003 2013 tenere

1243 2041 1321 2063 cum
1351 2026 1575 2065 simplicitate
1612 2027 1746 2072 cordis,
1774 2041 1862 2074 quae
1891 2029 2000 2064 tradi-

1212 2113 1215 2123 ,
1241 2088 1277 2115 ta
1305 2069 1470 2116 sunts&
1499 2078 1649 2122 studere,
1677 2091 1719 2113 ne
1749 2079 1833 2126 quid
1862 2079 2000 2114 minua-

1212 2161 1216 2183 ι

1211 2191 1216 2219 Ι

1216 2230 1221 2434 l

1242 2139 1321 2172 tur,
1347 2139 1525 2173 mutetur,
1545 2130 1600 2165 vel
1627 2138 1810 2177 augeatur.
1838 2132 1920 2165 Non
1947 2128 2001 2165 di-

1242 2179 1330 2226 spari
1360 2179 1515 2215 sermone
1542 2189 1689 2216 utuntur
1723 2181 1838 2215 Patres
1866 2179 2000 2216 Conci-

1243 2230 1283 2265 lii
1315 2231 1466 2265 Romani
1495 2230 1535 2265 ad
1573 2230 1709 2264 eosdem
1740 2230 1910 2277 Augustos
1938 2229 2002 2264 illa

1243 2280 1318 2328 ipsa
1344 2279 1521 2315 occasione
1558 2279 1765 2315 scribentes.
1795 2281 1833 2313 Si
1868 2283 1911 2315 ad
1937 2281 2002 2314 ela-

1243 2332 1403 2379 qsemtiam
1427 2331 1619 2365 saecularem
1640 2328 1920 2379 (respicimus),
1941 2344 2001 2364 non

1243 2382 1457 2423 aestimamus,
1478 2393 1659 2427 quemquam
1683 2381 1870 2424 temporibus
1891 2381 2001 2422 nostris

1244 2432 1372 2476 reperiri
1391 2430 1490 2479 posse,
1510 2432 1565 2478 qm'
1588 2433 1627 2465 de
1649 2431 1827 2471 summitate
1846 2431 2001 2466 scientiae

1241 2483 1412 2530 glorietur,
1436 2483 1684 2529 quandoquidem
1709 2483 1743 2516 ἱη
1766 2482 1876 2523 nostris
1901 2482 2000 2528 regio-

1244 2534 1337 2568 m'bus
1370 2533 1566 2576 diversarum
1602 2534 1751 2567 Gentium
1785 2533 1923 2579 quotidie
1947 2546 2001 2567 ac-

1238 2584 1325 2628 stuat
1344 2585 1432 2630 furor
1455 2583 1526 2624 &a
1553 2585 1740 2633 Propterea
1762 2585 1888 2621 Paulus
1914 2583 2000 2620 Dia-

1846 2647 1954 2671 COHUS
