2216 3100
414 289 494 331 179
748 274 1131 333 ANTJQUJT.
1170 273 1382 319 MEDIJ
1418 276 1576 321 AEVI
1833 283 1913 323 180

351 345 387 367 re
415 345 484 367 non
512 332 756 371 Ecclefiastieis
783 337 922 371 tantum
940 363 950 380 ,
988 335 1041 370 sed
1070 333 1108 370 ὃ(
1128 333 1172 369 Ἀ
1212 332 1245 368 se
1271 333 1375 375 dare,
1413 346 1472 372 aut
1509 349 1659 386 pugnam
1687 336 1855 383 suscipere
1882 351 1969 386 opus

349 383 547 429 Canitiem,
574 382 612 421 &
635 385 741 421 Laicis
761 386 828 431 iis,
855 400 941 434 quos
971 386 1107 434 juveni-

350 432 396 468 lis
424 443 483 470 aut
510 435 686 483 decrepita
714 446 829 482 aetas,
867 446 926 473 aut
956 435 1106 472 infirmi—

349 492 403 519 tas
437 484 554 533 aliqua
589 485 794 531 excusabat,
835 487 975 523 feminis
1009 486 1106 521 deni-

350 547 438 582 que,
475 537 580 572 licuit
618 551 678 582 pro
716 537 748 573 se
787 539 1019 585 Pugnatorem
1048 550 1106 571 ex-

347 585 490 622 hibere.
530 590 582 622 Ita
610 588 785 622 decretum
823 590 865 622 ab
893 588 1011 623 eodem
1042 588 1105 621 Ot-

348 643 433 672 tone
469 638 514 672 II.
554 639 650 685 Lege
688 640 747 672 XI.
788 638 1008 686 Langobard.
1047 637 1103 672 sta—

349 695 491 732 tuente,
521 698 559 723 ut
586 688 613 723 ii
648 698 702 734 per
728 688 896 730 consimiles
923 690 1102 724 Atvmm

349 750 395 772 res
430 750 482 784 per
516 750 655 784 pag-iam
690 738 760 772 lices
796 740 969 773 dirimam.
1006 739 1109 772 Ceteri

349 791 422 823 verb
459 792 574 823 naturai
609 789 704 822 differi
731 789 875 835 (Servis
913 789 1007 824 enim
1047 803 1104 836 pu-

351 851 455 887 gnare
483 838 709 874 interdiana-1
739 838 831 887 fuit)
858 852 911 886 per
938 840 1108 884 semetipsos

348 890 577 935 respondeant.
617 889 686 924 Sub
725 891 868 926 nomine
896 890 1108 925 Advocatorif

351 939 429 975 heic
472 939 588 987 potius
631 939 815 988 significari
858 941 1023 977 videntur
1059 941 1108 984 ii,

351 1003 438 1037 quos
475 990 658 1035 Campiones
694 992 727 1025 δ(
766 993 971 1039 (Σαηιρόἱοηες
1009 991 1045 1025 in
1074 1004 1107 1025 a>

352 1041 411 1076 liis
453 1041 608 1089 Legibus
653 1043 845 1089 appellatos
888 1042 1110 1088 reperimus.

353 1091 472 1125 Vicarii
498 1105 637 1139 quoque
664 1105 682 1126 a
711 1092 890 1126 nonnullis
919 1090 1110 1135 nuncupati

352 1140 452 1182 sunt,
481 1141 572 1188 quod
605 1141 696 1176 vices
726 1154 786 1188 pro
815 1142 887 1177 alio
915 1140 952 1175 in
981 1142 1110 1175 Mono-

352 1191 489 1226 machia
531 1190 756 1227 sustinerent.
789 1194 879 1228 Atto
909 1192 1111 1227 Vercellen·

352 1241 393 1277 sis
421 1241 612 1290 Episcopus
640 1241 677 1277 in
706 1242 885 1290 Opusculo
905 1242 947 1277 de
969 1242 1111 1277 Preffur.

353 1291 484 1328 Eccles.
505 1294 568 1328 Aa
587 1296 733 1340 Pugnam
759 1295 943 1339 producere,
972 1292 1112 1339 inquit,

353 1343 460 1390 (heu)
489 1343 601 1384 nostros
635 1344 845 1390 compellimur
884 1343 1041 1384 Vicarios,
1079 1352 1114 1375 ut

351 1395 406 1428 vel
442 1393 564 1435 istorum
599 1395 688 1428 caede
721 1393 829 1437 viai,
872 1394 925 1427 vel
962 1393 1113 1434 illorum,

352 1443 442 1490 quasi
467 1443 603 1487 absoluti
629 1442 684 1488 effe
710 1443 897 1478 videamur.
925 1444 1030 1488 Quod
1056 1456 1110 1477 ve-

352 1497 391 1529 ro
417 1495 603 1539 Campienes
629 1495 662 1529 ἃ
686 1495 893 1538 Campbtones
922 1492 1116 1539 promiscue

354 1543 382 1580 ii
411 1543 543 1579 fuerint
563 1543 755 1590 appellati,
783 1543 1006 1579 tribuendum
1029 1545 1113 1578 Ger-

354 1594 511 1630 manicae
542 1595 701 1641 Linguae
720 1622 729 1638 ‚
757 1595 794 1629 in
823 1608 890 1641 qua
919 1594 1055 1640 Campff
1074 1592 1118 1627 est

355 1647 568 1684 Certamen,
606 1644 674 1679 sive
711 1657 852 1693 pugnag
890 1645 924 1679 δ’,
951 1644 1118 1690 Campffen

356 1707 531 1743 pugnare3
560 1695 722 1739 Campffer
744 1700 826 1729 vero
847 1695 962 1736 idem,
991 1707 1028 1729 ac
1056 1694 1118 1740 qui
1154 1685 1187 1718 D

357 1745 458 1781 Italis
485 1746 618 1791 Campio
652 1746 686 1780 &
724 1746 896 1788 Camphio.
924 1744 1030 1780 Aoud
1060 1757 1117 1779 ve-

363 1806 451 1832 teres
479 1799 617 1840 Campus
653 1795 723 1831 fuit
759 1796 855 1831 locus
893 1795 1019 1843 proelii
1032 1813 1048 1839 ,-
1069 1804 1123 1829 at-

361 1860 429 1894 que
456 1845 570 1894 ipsum
600 1847 797 1893 proelium.
836 1848 919 1880 Inde
957 1845 1022 1880 hoc
1059 1857 1121 1879 no-

361 1910 462 1933 men.
500 1899 552 1932 At
588 1895 753 1943 inquies:
792 1897 1005 1942 quicumque
1041 1908 1123 1942 ergo

358 1947 526 1983 facultate
572 1945 740 1981 offerendi
787 1949 1013 1991 campionem,
1055 1945 1123 1980 five

359 1999 441 2034 loco
461 1997 510 2032 sui
532 1999 763 2046 Pugnatorem
777 2024 787 2040 ‚
805 1996 1001 2035 fruebatur,
1017 2009 1121 2043 quam

361 2047 568 2084 fortissimos
597 2055 732 2096 poterat
752 2047 916 2095 elegerit.
946 2049 998 2082 Ita
1025 2047 1121 2082 sane.

359 2100 414 2136 At
442 2098 507 2133 hac
534 2096 607 2146 ipsa
644 2098 681 2133 in
709 2111 744 2133 re
782 2097 953 2145 iniquitas
981 2096 1120 2132 consue-

362 2149 498 2186 tudinis
525 2149 558 2183 &
587 2149 693 2195 Legis
722 2147 820 2184 illius
847 2147 1045 2184 evidentius
1073 2147 1120 2183 se·
1156 2136 1185 2170 E

362 2199 396 2236 se
425 2199 612 2246 prodebat.
639 2200 861 2246 Cuicumque
888 2199 982 2234 enim
1012 2197 1123 2233 Laico

367 2263 447 2287 cum
475 2249 620 2287 Clerico
647 2249 875 2290 contendenti
901 2259 961 2287 aut
988 2248 1123 2286 vicium

1213 382 1307 421 fuit.
1348 385 1386 422 Si
1433 387 1664 436 suscipiebat,
1706 388 1970 436 qualiscumque

1213 434 1325 481 foret,
1363 436 1430 473 hoc
1467 437 1532 483 est,
1569 438 1655 473 licet
1693 440 1826 475 viribus
1854 441 1886 475 &
1915 453 1972 475 ar-

1214 499 1349 522 morum
1378 487 1438 523 usu
1468 501 1585 533 parum
1615 488 1824 533 instruEius,
1861 493 1971 526 Cam-

1214 549 1258 584 po
1304 540 1510 575 contendere
1559 538 1706 587 ipsemet
1751 542 1939 590 cogebatur
1958 567 1968 578 .

1213 586 1350 624 Contra
1386 591 1542 631 Comites,
1579 589 1807 635 Ecclefiaftici,
1845 590 1971 627 ceteri-

1212 651 1278 685 que
1305 652 1324 673 a
1351 640 1556 675 Certamine
1583 640 1757 676 immunes
1774 667 1784 684 ‚
1826 641 1971 677 fortiffi·

1214 701 1307 724 mum
1337 692 1497 725 omnium
1527 690 1681 739 pugilem
1704 704 1721 725 a
1745 690 1776 726 se
1796 690 1970 727 delestum

1214 752 1275 786 pro
1305 739 1336 776 se
1357 742 1480 776 offerre
1501 741 1542 776 ad
1571 744 1758 777 Certamen
1788 751 1971 788 poterant.

1217 792 1322 826 Porro
1349 792 1477 827 necesse
1505 791 1570 836 est,
1600 793 1750 827 multum
1779 791 1971 827 detulerint

1214 840 1360 890 superno
1388 842 1550 882 auxilio,
1586 843 1620 877 8<
1659 841 1859 878 caelestibus
1893 856 1973 889 pro-

1213 891 1320 940 digiis
1344 919 1354 934 ,
1390 892 1452 940 qui
1493 902 1591 928 tanta
1633 892 1836 939 imparitate
1877 894 1971 928 aleae

1215 942 1416 978 certaminis
1454 942 1486 977 se
1518 943 1810 978 committebant.
1839 944 1892 978 At
1918 956 1973 978 re-

1216 1005 1294 1026 vera
1323 1005 1392 1027 non
1421 992 1583 1035 deerant,
1621 993 1682 1040 qui
1720 995 1896 1028 malebant
1933 993 1971 1028 in

1215 1041 1348 1088 judicio
1377 1041 1487 1077 vilitas
1522 1055 1642 1077 manus
1678 1043 1780 1086 dare,
1817 1044 1975 1090 quando-

1215 1091 1357 1137 quidem
1388 1091 1418 1125 se
1447 1091 1585 1139 ineptos
1613 1092 1652 1126 ad
1682 1091 1896 1126 resistendum
1920 1105 1974 1127 ar-

1217 1141 1282 1176 mis
1324 1141 1587 1190 agnoscebant,
1629 1142 1733 1189 quam
1773 1140 1975 1190 grav—iffimo

1189 1218 1190 1223 ,
1218 1192 1373 1240 periculo
1411 1191 1472 1227 suo
1507 1191 1690 1239 exposcere
1718 1193 1750 1227 8(
1779 1191 1977 1239 exspeRare

1189 1258 1192 1273 :
1218 1243 1387 1277 miracula
1413 1256 1431 1277 e
1456 1244 1572 1277 caelo.
1599 1242 1690 1276 Vide
1721 1242 1977 1278 praefationem

1218 1304 1330 1326 meam
1359 1291 1399 1326 ad
1430 1294 1538 1340 Leges
1569 1292 1787 1339 Langobard.
1813 1294 1902 1327 Part.
1928 1292 1975 1328 II.

1217 1342 1328 1377 Tomi
1358 1343 1383 1376 Ι.
1416 1344 1491 1377 Rer.
1523 1342 1675 1377 Italicar.
1708 1342 1767 1377 ubi
1800 1342 1976 1378 Placitum

1218 1391 1407 1440 evulgavi,
1435 1405 1549 1427 coram
1581 1392 1765 1427 Bonifacio
1793 1391 1979 1428 Max-chio-

1219 1456 1261 1478 ne
1298 1442 1457 1477 habitum
1498 1443 1672 1478 Ferrariae
1703 1444 1808 1477 Anno
1844 1442 1977 1478 Christi

1221 1495 1344 1527 MXV.
1384 1492 1437 1527 Ibi
1474 1492 1665 1540 Episcopus
1704 1494 1818 1539 lngo,
1855 1493 1978 1528 oblate

1192 1580 1195 1584 ¹
1221 1544 1351 1576 Duello
1368 1568 1378 1585 ,
1406 1543 1512 1575 timore
1538 1542 1660 1576 coaHus
1679 1569 1690 1586 ‚
1726 1541 1979 1578 Monasterium

1220 1606 1238 1628 a
1267 1592 1297 1627 se
1325 1603 1533 1637 occupatum
1560 1592 1734 1628 dimittit.
1762 1593 1870 1628 Wido
1891 1605 1981 1640 quo-

1220 1656 1286 1690 que
1314 1642 1476 1678 Lucensis
1506 1642 1696 1690 Episcopus
1717 1645 1825 1677 Anno
1854 1645 1978 1678 MLV.

1220 1706 1298 1728 curn
1317 1697 1439 1728 Azone
1457 1693 1644 1728 Advocato
1666 1692 1724 1728 suo
1747 1705 1862 1727 coram
1882 1695 1981 1728 Hen-

1221 1744 1294 1779 rico
1326 1747 1536 1790 Imperatore
1567 1744 1610 1778 11.
1639 1743 1871 1778 contendebat
1899 1755 1979 1779 cum

1221 1793 1402 1829 Gandulfo
1425 1792 1591 1834 Lucenfi,
1619 1793 1734 1829 caussa
1753 1794 1879 1829 tertiae
1901 1806 1982 1836 por-

1221 1846 1331 1881 tionis
1371 1843 1511 1880 Castelli
1541 1844 1726 1892 Aginulfi.
1754 1845 1789 1879 A
1816 1843 1849 1879 se
1886 1843 1983 1892 justi-

1221 1895 1308 1931 tiam
1350 1895 1431 1930 stare
1475 1894 1639 1942 Episcopi
1684 1893 1888 1930 Advocatus
1928 1906 1982 1940 per

1220 1957 1359 1993 pugnam
1386 1948 1512 1988 probare
1539 1946 1669 1979 voluit:
1695 1943 1891 1980 Gandulfus
1921 1957 1983 1980 au-

1222 2006 1292 2031 tem
1324 1995 1428 2033 satius
1451 1995 1553 2030 duxit
1576 1997 1703 2044 pellem
1732 1994 1848 2036 suam.
1877 1995 1984 2042 quam

1222 2046 1365 2082 castelli
1393 2047 1630 2095 poffeffionem
1669 2046 1781 2082 tueri.
1817 2045 1902 2092 Ejus
1931 2043 1983 2080 rei

1222 2097 1338 2132 testem
1385 2096 1521 2141 profero
1557 2096 1754 2134 Chartam.
1791 2108 1892 2142 quam
1936 2106 1982 2130 ex

1224 2146 1450 2184 vetustiffimo
1480 2147 1621 2195 Regesto
1651 2145 1874 2183 Cathedralis
1901 2145 1980 2180 Sar-

1224 2198 1377 2235 zanensis
1402 2198 1471 2234 five
1498 2197 1667 2235 Lunehfis
1692 2194 1851 2246 exscripsi
1868 2221 1879 2233 .

1827 2650 1944 2691 Placi-
