2216 3100
243 577 267 596 99

242 627 266 644 ’θ

244 1885 268 1904 5)

304 258 381 300 301

609 236 973 284 DJSSERMTJO
1007 234 1499 292 QUADR-2GESJM.4.

1725 261 1804 301 302

372 375 602 429 Rhythmus
633 373 826 416 canendus
858 371 1079 420 Militibus,
1114 370 1344 413 Mutinenfis
1376 370 1496 413 Urbis
1527 373 1740 418 custodibus

814 431 966 473 circiter
1000 436 1160 472 Annum
1193 448 1280 485 924

414 550 496 594 Tu,
539 548 600 596 qui
642 549 752 585 servas
793 548 898 585 armis
939 547 998 584 ista
1025 550 1071 584 :A

543 601 702 640 moenia,

290 675 314 691 ,‚
345 649 433 687 Noli
469 649 643 695 dormire,
681 663 828 695 mone0‚
857 649 911 685 sed
944 651 999 686 vi-

406 726 415 740 ,
443 701 535 750 gila.

289 775 313 796 ‚‚
343 753 437 787 Dum
484 752 618 787 Heaor
661 751 750 801 vigil
795 751 921 787 extitit
961 752 997 787 in

392 829 416 845 „
445 804 575 845 Tro'ia,

289 876 314 896 ‚,
343 854 425 888 Non
445 866 519 887 eam
543 852 636 901 cepit
656 852 875 889 fraudulenta
892 856 998 889 Grae-

393 929 417 946 „
445 916 524 938 cia.

290 977 315 997 ‚‚
344 953 460 989 Prima
487 954 605 1002 quiete
643 954 840 990 dormiente
867 956 999 999 Troia,

291 1027 316 1044 ‚‚
342 1004 500 1040 Laxavit
551 1005 659 1040 Sinon
704 1004 812 1040 fallax
858 1005 1000 1040 claustra

394 1080 418 1098 ‚,
447 1053 595 1102 perfida.

290 1127 315 1148 ‚‚
343 1105 408 1140 Per
423 1103 539 1140 funem
558 1105 649 1151 lapsa
666 1106 842 1142 occultata
860 1105 1000 1155 agmina

293 1178 317 1198 ‚,
345 1155 521 1191 Invadunt
558 1155 716 1196 Urbem,
744 1158 778 1192 &
808 1157 1000 1192 incendunt

396 1232 420 1248 „
450 1208 639 1252 Pergama.

294 1280 318 1298 ,‚
347 1256 463 1301 Vigili
491 1267 577 1288 voce
613 1256 688 1290 avis
718 1255 829 1289 Anser
856 1255 1001 1290 candida

291 1327 315 1347 ,‚
344 1305 495 1352 Fugavit
522 1305 644 1340 Gallos
672 1318 715 1340 ex
746 1307 840 1340 Arce
869 1307 1002 1341 Romu-

393 1381 417 1398 ,.
446 1355 525 1403 lea3

292 1427 316 1449 2,
346 1407 411 1441 Pro
439 1418 506 1452 qua
533 1405 667 1442 virtute
693 1405 784 1442 faaa
810 1406 855 1442 est
881 1419 1001 1455 argen—

395 1483 419 1497 ,.
447 1466 526 1499 tea,

295 1528 318 1550 ‚,
345 1508 391 1541 Er
420 1520 437 1540 a
468 1506 635 1542 Romanis
673 1507 814 1542 adorata
841 1516 880 1542 ut
908 1509 1002 1543 Dea.

292 1580 317 1602 ‚‚
349 1559 422 1593 Nos
451 1560 631 1593 adoremus
660 1558 748 1593 celsa
777 1557 911 1594 Christi
939 1572 1000 1595 nu-

399 1634 422 1647 ..
451 1607 544 1642 mina
561 1632 572 1647 ,

292 1681 319 1702 ,‚
348 1658 406 1693 Illi
437 1671 559 1693 canora
588 1658 707 1694 demus
735 1658 844 1695 nostra
874 1659 1003 1707 jubila.

293 1735 317 1753 ‚‚
347 1708 389 1744 Ill
411 1722 447 1743 us
477 1710 599 1757 magna
627 1708 674 1744 fifi
705 1709 763 1745 sub
792 1710 963 1752 custodia,

292 1782 314 1799 ‚‚
346 1761 442 1794 Haec
477 1760 667 1809 vigiantes
705 1761 892 1809 jubilemus
929 1775 1000 1798 car-

393 1837 417 1853 „
446 1823 564 1846 mina.

296 1859 469 1944 Divina,P
484 1860 612 1946 Βέιὲηάἰ
652 1864 725 1898 Rex
753 1861 914 1904 Christe,
942 1877 1002 1899 cu-

397 1937 421 1952 „
461 1924 495 1945 10
523 1924 531 1944 ι

296 1986 321 2004 ‚,
349 1961 417 1995 Sub
439 1961 496 1995 tua
520 1960 612 1996 serva
633 1961 716 1997 haec
737 1963 839 2000 castra
857 1964 1002 2014 vigilia.

296 2036 321 2054 „
349 2012 407 2054 Tu
436 2024 551 2047 murus
580 2012 649 2047 tuis
681 2012 720 2048 fis
747 2013 1003 2064 inexpugnabi-

400 2088 424 2104 ‚‚
453 2061 497 2097 lis
515 2090 525 2104 ‚

295 2137 321 2155 ‚‚
349 2111 400 2147 Sis
429 2112 586 2149 inimicis
614 2113 716 2150 hostis
745 2123 782 2151 tu
815 2115 1006 2151 terribilis.

294 2185 319 2201 ‚,
349 2164 401 2196 Te
428 2162 617 2211 vigilante,
638 2166 733 2200 nulla
754 2177 856 2202 nocet
879 2166 1005 2207 fortia,

295 2235 320 2257 ‚‚
348 2214 422 2259 Qui
461 2214 584 2250 cunaa
622 2214 718 2264 fugas
756 2218 876 2263 procul
911 2230 1005 2253 arma

399 2292 422 2306 ,,
451 2264 599 2300 bellica.

294 2338 321 2358 „
347 2315 406 2350 Tu
434 2315 536 2364 cinge
573 2315 656 2351 haec
684 2316 816 2358 nostra,
843 2317 1004 2363 Christe,

398 2389 420 2406 ‚,
449 2366 645 2403 munimina
661 2395 672 2409 ‚
1046 2363 1074 2396 E

297 2438 323 2457 ‚,
350 2416 545 2452 Defendens
573 2431 611 2454 ea
640 2418 698 2454 tua
725 2418 810 2456 forti
839 2421 956 2456 lancea

297 2489 324 2508 ,‚
350 2467 471 2502 saneta
527 2467 644 2505 Maria
695 2469 815 2508 Mater
869 2471 1003 2509 Christi

400 2540 425 2562 ,‚
453 2517 653 2566 splendida,

329 2626 380 2666 (a)
401 2637 441 2661 an
462 2628 573 2662 moenia
579 2631 599 2667 -',

1039 1454 1073 1491 C

1164 575 1188 592 „
1216 549 1313 583 Haec
1338 561 1416 584 cum
1443 547 1623 594 Iohanne,
1644 549 1872 599 Theotocos,

1264 626 1288 642 „
1316 598 1485 648 impetra:

1163 677 1187 694 ,‚
1215 651 1374 694 Quorum
1418 650 1476 685 hic
1513 649 1628 687 sansta
1665 664 1870 691 veneramur

1266 727 1289 742 „
1319 701 1484 748 pignora,

1163 774 1187 795 ‚‚
1215 751 1261 784 Et
1288 752 1414 797 quibus
1448 751 1509 786 ista
1536 751 1615 787 sunt
1651 752 1779 789 sacrata
1808 767 1873 791 nu-

1265 825 1288 844 ,‚
1319 801 1413 837 mina
1443 802 1515 850 (a).

1163 876 1186 896 ,‚
1215 853 1298 897 Quo
1334 852 1421 888 duce
1460 852 1591 888 viehix
1627 853 1672 889 est
1708 853 1745 890 in
1779 855 1873 892 bello

1266 930 1290 946 ‚‚
1319 903 1458 938 dextera
1477 927 1486 942 ‚

1165 977 1187 993 „
1217 955 1262 986 Et
1289 952 1355 987 sme
1381 953 1454 1000 ipso
1479 952 1569 988 nihil
1596 954 1715 990 valent
1739 955 1873 1004 jacula.

1039 1006 1066 1040 Β
1114 1031 1137 1047 ,,
1167 1003 1281 1038 Fortis
1309 1004 1494 1052 juventus,
1520 1004 1632 1040 virtus
1660 1007 1770 1041 audax
1801 1008 1874 1042 bel-

1268 1078 1289 1093 ,,
1318 1056 1410 1098 lica,

1165 1129 1188 1149 ,‚
1216 1105 1334 1140 Vestra
1360 1119 1418 1154 per
1445 1118 1560 1142 muros
1588 1106 1774 1144 audiantur
1799 1121 1875 1144 car-

1267 1183 1290 1199 „
1308 1169 1413 1191 mina
1430 1169 1439 1191 t

1164 1232 1188 1249 ‚,
1216 1208 1261 1240 Et
1290 1205 1329 1241 sit
1356 1207 1393 1241 in
1422 1208 1527 1242 armis
1555 1209 1688 1244 alterna
1724 1208 1873 1258 vigilia,

1164 1281 1188 1299 ,‚
1218 1258 1273 1290 Ne
1309 1256 1399 1291 fraus
1438 1257 1572 1294 hostilis
1609 1259 1692 1295 haec
1728 1259 1875 1295 invadat

1265 1329 1288 1343 ,‚
1318 1318 1453 1341 moenia
1473 1333 1481 1341 .

1163 1381 1189 1397 ‚‚
1219 1355 1374 1391 Resultet
1396 1357 1492 1391 Echo
1511 1371 1646 1394 comes:
1665 1360 1718 1406 eja
1738 1360 1872 1406 vigila.

1162 1428 1186 1444 ,‚
1216 1406 1279 1440 Per
1295 1417 1411 1441 muros
1427 1407 1479 1454 eja
1497 1408 1590 1443 dicat
1608 1409 1704 1443 Echo
1717 1436 1727 1453 ‚
1742 1410 1851 1457 vigila
1865 1435 1874 1444 .

1164 1505 1409 1543 Differtationi
1448 1507 1530 1544 huie
1569 1509 1770 1557 postremam
1801 1523 1875 1545 ma-

1113 1570 1195 1592 num
1218 1557 1398 1605 imponam
1413 1586 1422 1599 ,
1444 1559 1641 1607 colophone
1661 1561 1782 1596 addito
1804 1573 1874 1596 non

1114 1609 1268 1657 vulgaris
1296 1607 1421 1656 pretii:
1448 1610 1630 1655 Rhythmo
1654 1623 1778 1659 nempe
1802 1611 1872 1646 Hi-

1111 1658 1235 1694 storico
1256 1660 1444 1708 evulgato,
1465 1673 1567 1706 quem
1590 1674 1632 1695 ex
1655 1661 1775 1696 eodem
1798 1660 1875 1708 ipso

1112 1708 1249 1745 Codice
1289 1709 1516 1745 vetustiffimo
1552 1709 1719 1758 Capituli
1757 1713 1876 1747 Cano-

1113 1762 1272 1796 nieorum
1303 1761 1575 1804 Veronenfium‚
1604 1762 1694 1797 unde
1722 1762 1811 1797 alter
1837 1764 1876 1796 de

1117 1813 1281 1846 Laudibus
1302 1812 1487 1846 Mediolani
1505 1812 1707 1856 depromtus
1727 1812 1794 1853 est,
1816 1811 1876 1847 de-

1117 1862 1284 1907 scriptum
1312 1862 1353 1896 ad
1383 1874 1438 1897 me
1466 1861 1558 1897 mifit
1585 1862 1684 1908 supra
1717 1863 1876 1897 laudatus

1117 1913 1406 1948 Bartholomaeus
1442 1911 1715 1960 Campagnola‚
1754 1913 1877 1948 multis

1117 1964 1234 1999 titulis
1279 1962 1320 1998 de
1368 1977 1422 1998 me
1468 1963 1725 1998 benemeritus.
1769 1966 1877 1998 Anno

1117 2013 1247 2050 Christi
1277 2015 1544 2051 DCCCLXXI.
1573 2013 1713 2049 Italiam
1743 2022 1877 2053 totam,

1117 2065 1230 2100 immo
1257 2065 1291 2098 δ(
1319 2065 1493 2109 reliquum
1524 2067 1735 2100 Francorum
1765 2067 1879 2112 Impe-

1119 2115 1234 2156 rium,
1263 2114 1433 2150 concuffic
1468 2115 1702 2151 detestandum
1744 2115 1878 2151 facinus

1122 2163 1275 2211 Adelgifi
1316 2165 1490 2210 Principis
1527 2165 1788 2209 Beneventani,
1816 2164 1878 2213 qui

1122 2215 1345 2252 Ludovicum
1375 2216 1420 2252 ll.
1439 2217 1653 2265 Augustum,
1680 2228 1877 2265 quanquam

1122 2277 1177 2302 tot
1206 2266 1383 2302 beneficiis
1420 2266 1458 2303 in
1486 2267 1577 2313 ipsos
1617 2269 1877 2304 Beneventanus

1124 2318 1262 2353 collatis
1290 2317 1480 2363 illustrem,
1506 2328 1629 2364 utpote
1653 2318 1714 2367 qui
1742 2321 1879 2353 Sarace-

1123 2369 1222 2404 nicae
1249 2367 1364 2417 gentis
1392 2382 1520 2406 cornua
1549 2369 1716 2416 fregerat,
1739 2366 1878 2416 ejusque

1125 2420 1280 2456 acinaces
1308 2433 1351 2455 ex
1382 2433 1502 2456 eorum
1540 2421 1659 2469 jugulo
1686 2427 1879 2458 averterat,

1125 2469 1222 2506 ausus
1262 2470 1307 2506 est
1349 2469 1518 2508 seditione
1564 2468 1739 2505 commota
1783 2481 1881 2504 com-

1124 2521 1354 2572 prehendere,
1381 2520 1420 2561 &
1446 2521 1486 2560 in
1512 2519 1697 2557 custodiam
1724 2519 1877 2556 tradere.

1746 2572 1834 2608 Sunt
