2216 3100
422 182 502 226 263
759 174 1134 231 ANTIQUIT.
1165 173 1565 219 MED11AEV1
1835 188 1918 232 264

356 229 431 268 lus,
471 240 509 264 ut
546 230 702 275 precibus
744 234 904 281 reperitis
946 235 1113 270 Belisario
1132 233 1192 268 ἷΑγ
1215 234 1277 277 ba,
1298 248 1375 281 quae
1397 237 1494 283 vulgo
1514 237 1615 270 minus
1636 236 1712 280 sunt
1735 235 1873 279 usitata,
1896 251 1973 271 ‹om-

357 279 631 317 misericordiam
658 297 675 318 a
702 285 777 318 Deo
801 285 1024 331 impetraret.
1050 285 1112 320 Sed

357 331 528 373 alterum,
554 334 807 382 qualecumque
832 335 893 375 sit,
918 338 1025 371 etiam
1052 349 1111 370 an—

353 380 488 428 tiquius
515 381 673 418 similiter
700 386 898 420 cadentium
926 399 1051 421 vocum
1077 400 1110 420 e-

353 434 532 479 xemplum
564 433 746 469 habemus.
775 436 917 470 sanstus
946 437 1108 484 Augusti-

353 494 416 517 nus
446 483 585 518 circiter
610 488 750 519 Annum
778 487 1012 521 CCCXCIII.
1036 490 1101 521 elu-

354 534 514 568 cubravit
543 535 701 577 Psalmum
727 546 830 569 contra
856 547 974 579 partem
1004 539 1107 570 Dona-

352 583 381 616 ti
398 611 407 625 ,
429 584 487 630 qui
516 585 604 619 nihil
631 585 724 619 aliud
751 586 818 628 est,
838 588 942 633 quam
972 587 1108 631 Rhyth-

352 646 451 668 mus.
481 634 615 681 Singuli
645 635 770 671 Versus
797 649 815 671 e
843 637 974 672 duobus
1008 636 1103 672 versi·

1212 286 1358 330 pelleret.
1375 288 1493 332 Quare
1514 297 1586 322 tum
1608 301 1646 321 ex
1670 287 1743 329 his,
1762 296 1835 321 tum
1859 300 1900 321 ex
1922 287 1973 322 su·-

1216 349 1272 383 pra
1290 338 1407 372 allatis
1425 337 1537 372 verbis
1558 337 1813 385 intelligimus,
1836 337 1973 382 Rhyrh-

1215 399 1287 421 mos
1316 388 1403 422 olim
1442 386 1640 426 confefstos,
1670 398 1707 423 ut
1741 392 1782 421 ab
1819 387 1974 431 imperitis

1213 448 1303 483 atque
1332 437 1438 470 idion}
1476 450 1672 472 canerentur.
1704 440 1742 472 In
1776 451 1972 484 eum quo-

1214 500 1279 534 que
1307 487 1410 523 finem
1441 486 1623 533 compositi
1652 488 1765 530 fuere,
1792 489 1852 535 qui
1882 486 1971 522 mihi

1214 550 1320 584 nuper
1348 539 1532 573 memorati
1563 538 1640 572 sunt
1664 542 1701 571 de
1727 539 1870 571 laudibus
1899 541 1974 571 Me-

1213 589 1356 631 dtolam',
1383 591 1421 622 de
1449 590 1608 623 Ludovico
1636 591 1677 622 II.
1705 589 1772 623 (92.
1800 590 1909 622 Erant
1936 601 1973 622 e-

1214 638 1286 672 nim
1325 639 1369 674 iis
1407 652 1543 683 quoque
1580 639 1817 685 temporibus.
1854 640 1973 684 quales

351 684 440 718 culis
468 683 561 718 οξὶο-
576 682 715 727 syllabis
754 687 933 722 constant.
965 690 1051 722 Sunt
1078 687 1107 723 i-
1150 683 1191 719 Β1
1216 688 1357 729 nostris,
1385 690 1443 735 qui
1474 690 1641 725 Carmina
1671 689 1789 727 rudia,
1810 700 1848 722 ac
1879 700 1975 730 prae-

352 733 411 776 bi,
448 734 507 780 qui
547 735 658 776 plures
695 735 842 781 syllabas
886 737 1108 785 praeferunt,

349 783 404 818 sed
434 783 579 818 forraffis
608 787 813 821 emendandi
843 787 939 823 sunt.
969 788 1108 823 Intuere

350 833 443 868 hunc
473 833 645 869 Psalmum
680 837 773 870 inter
800 838 914 872 Onera
943 839 1099 887 Augusti>

349 883 387 917 ni
416 883 451 917 in
482 884 603 931 primis
634 885 770 934 paginis
806 888 913 921 Tom.
943 890 1004 923 IX.
1032 889 1098 923 edi—

349 934 458 968 tionis
496 934 719 970 noviffimae.
758 939 810 971 De
838 950 878 971 eo
915 936 986 981 ipse
1023 936 1105 972 haec

346 983 469 1019 scribit
512 984 591 1020 Lib.
631 985 744 1031 primo
787 987 976 1021 RetraE'tat.
1015 985 1104 1034 Cap.

348 1045 406 1070 20.
435 1034 612 1077 Psalmum,
642 1037 697 1082 qui
731 1036 772 1070 af]
809 1037 960 1081 imperitis
997 1036 1041 1074 (9·
1077 1037 1099 1071 ἰ-

345 1085 441 1118 diotis
469 1095 664 1125 cantaretur,
687 1099 740 1132 per
767 1088 904 1121 Lan'nas
927 1088 1037 1122 literas
1056 1088 1105 1132 se-

345 1135 392 1169 ci.
422 1136 516 1169 Tales
545 1147 647 1170 autem
675 1138 886 1172 ,Abesedarios
921 1139 1105 1185 appellant.

345 1185 429 1232 Ejus
458 1186 591 1233 generis
619 1187 663 1222 est
693 1187 891 1233 Rhythmus
917 1190 954 1224 de
979 1190 1103 1223 Medio-

343 1236 438 1275 lano,
467 1249 569 1282 quern
602 1238 697 1285 supra
726 1238 849 1281 innui,
878 1237 931 1273 uti
959 1240 991 1273 δ(
1019 1240 1107 1273 alter

343 1286 560 1322 Adelmanni
600 1288 800 1324 Scholastici
837 1297 1102 1324 antea-memo-

340 1345 460 1371 ratus.
498 1338 744 1379 Alphabnicum
784 1338 886 1373 illurn
929 1337 1092 1373 Mabillo

343 1385 422 1421 nius
444 1386 656 1433 appellavit,
673 1388 904 1421 „abecedarium
925 1391 1006 1422 vero
1030 1392 1098 1424 Au·

343 1436 514 1484 gustinus.
544 1436 702 1472 Similem
742 1449 880 1482 quoque
916 1436 1005 1471 infra
1043 1437 1102 1471 da-

346 1491 411 1528 bo,
440 1500 482 1521 ex
523 1486 709 1522 Veronensi
737 1485 875 1522 Codice
911 1486 1102 1534 expressum

345 1537 388 1572 de
412 1546 551 1583 captura
578 1536 734 1571 Ludovici
760 1539 799 1571 ΙΙ.
821 1538 981 1583 Auguſtr'.
1004 1539 1101 1572 Prae-

343 1596 436 1621 terea
464 1586 553 1621 mihi
583 1586 626 1621 est
658 1587 855 1632 Rhyrhmus
891 1589 923 1621 in
954 1588 1104 1622 SunHum

342 1639 518 1679 Zenonem,
545 1650 562 1672 a
588 1636 685 1684 supra
714 1638 855 1673 laudato
880 1639 1101 1685 Campagno-

343 1688 376 1722 la
409 1686 448 1721 ad
489 1699 543 1722 me
581 1687 724 1732 miffus,
763 1697 867 1735 atque
903 1702 945 1723 ex
983 1690 1103 1723 eodem

343 1737 583 1783 antiquiffimo
599 1737 736 1773 Codice
757 1748 960 1783 excerptus,
977 1739 1012 1773 in
1035 1753 1105 1786 quo

343 1788 459 1821 laudes
499 1788 699 1823 Mediolani
744 1788 812 1834 jam
851 1788 948 1833 supra
989 1789 1104 1824 editae

344 1838 566 1885 legebantur.
590 1840 635 1872 tt
656 1836 741 1872 istud
763 1838 1019 1874 Abecedarium
1040 1839 1103 1875 est.

342 1889 395 1922 En
424 1888 497 1935 ejus
525 1887 694 1923 initium:

395 1962 548 1999 Audiam
560 1963 721 2011 Principes
732 1990 742 2009 ,
753 1964 889 2000 audiant
904 1966 1021 2014 Populi
1031 1966 1103 2006 ὡς.

344 2039 425 2075 Illic
453 2038 620 2076 habetur:

397 2116 500 2158 Kella
526 2116 734 2160 permanserat
761 2117 889 2163 Imperii
907 2117 986 2162 filia
1013 2119 1081 2155 &aa

395 2170 504 2214 Rogat
523 2177 568 2257 Z
587 2168 777 2215 Imperium,
803 2172 846 2204 ud
866 2169 901 2214 se
935 2179 966 2203 te
991 2183 1102 2204 convo-

447 2228 497 2252 cat
571 2231 595 2253 c.

346 2291 399 2328 Ibi
430 2294 595 2340 Imperium
622 2307 683 2340 pro
712 2296 917 2340 Imperatore.
944 2296 998 2331 At
1028 2310 1098 2332 rur-

347 2343 420 2379 sum
448 2344 527 2380 audi
555 2345 786 2394 Augustinum
814 2346 971 2382 eumdem
993 2347 1033 2383 de
1058 2348 1099 2383 il>

345 2395 381 2430 lo
410 2395 545 2430 Psalmo
573 2397 796 2444 loquentem:
821 2400 892 2432 Ideo
915 2409 1017 2432 autem
1044 2412 1102 2433 non

345 2446 450 2492 aliquo
487 2448 646 2482 Carminis
679 2461 789 2495 gmere
816 2448 850 2483 id
875 2448 954 2494 fieri
988 2449 1103 2494 volui,

345 2510 383 2530 ne
408 2511 454 2532 me
484 2498 638 2544 neceffius
663 2499 805 2536 Mmica
830 2501 872 2536 ad
896 2500 1007 2548 aliqua
1032 2513 1104 2536 ver-

1215 739 1315 783 cipue
1358 740 1556 784 Rhythmos
1597 747 1657 774 aut
1698 738 1816 773 solatii
1858 736 1973 772 caussa

1215 789 1333 832 domi,
1362 801 1420 824 aut
1448 790 1483 825 in
1515 789 1638 838 plateis
1668 789 1803 826 Pooulo
1830 801 1975 835 congre-

1216 849 1297 885 gato
1319 840 1404 875 lucri
1428 842 1575 875 obtentu
1599 840 1788 874 canebant.
1814 838 1975 884 Ejusmo-

1216 887 1252 922 di
1278 889 1482 924 Cantilenas
1510 889 1628 925 saltem
1658 887 1840 924 semidoffli
1868 889 1976 923 intel-

1216 937 1392 984 ligebant:
1416 939 1569 974 nondum
1590 940 1684 973 enim
1710 940 1893 985 quisquam
1914 951 1977 973 au—

1217 986 1269 1020 sus
1290 987 1401 1021 fuerat
1422 988 1556 1033 vulgari
1581 987 1735 1019 sermone
1756 991 1807 1019 uti
1830 989 1870 1019 ad
1887 989 1977 1021 Car-

1218 1036 1312 1070 mina
1340 1046 1401 1072 aut
1427 1036 1468 1072 ad
1509 1036 1731 1082 Rhythm053
1761 1044 1820 1071 aut
1847 1034 1869 1068 fi
1898 1046 1976 1071 ute-

1217 1087 1368 1126 bantur*
1397 1101 1438 1123 ex
1479 1086 1522 1122 iis
1551 1100 1593 1122 ne
1632 1085 1862 1133 fragmentum
1896 1085 1977 1130 qui-

1143 1134 1190 1183 Cl
1216 1137 1292 1172 dem
1319 1137 1360 1173 ad
1385 1151 1446 1173 nos
1473 1137 1650 1182 pervenit.
1678 1137 1793 1171 Redeo
1819 1136 1858 1170 ad
1883 1135 1978 1170 Psal-

1217 1200 1311 1222 mum
1343 1188 1654 1236 Augustinianum.
1685 1186 1736 1221 Ibi
1763 1186 1976 1233 singulorum

1215 1237 1384 1272 Versuum
1428 1238 1599 1273 clausulae
1640 1236 1675 1271 in
1721 1238 1748 1270 E
1789 1236 1972 1271 desinunt:

1214 1288 1306 1334 quod
1335 1290 1366 1322 ὅ(
1407 1288 1442 1323 in
1472 1288 1550 1323 aliis
1591 1286 1779 1332 Rhythmis
1814 1285 1975 1321 observa-

1184 1334 1189 1358 ¹
1214 1347 1287 1372 tum
1317 1339 1411 1373 vidi.
1434 1341 1632 1373 Occurrunt
1658 1339 1689 1371 8<
1715 1337 1883 1382 plurimae
1912 1349 1974 1370 vo-

1216 1402 1268 1422 ces
1306 1388 1475 1422 consonae
1511 1390 1548 1421 in
1586 1390 1693 1422 ,ΛΚΕ
1721 1388 1751 1420 8(
1781 1389 1876 1420 ORE
1905 1388 1973 1421 &c-

1214 1449 1297 1480 quas
1326 1445 1441 1469 tamen
1480 1434 1554 1469 casu
1585 1435 1701 1480 potius
1738 1436 1840 1481 quam
1878 1445 1974 1470 certo

1215 1484 1426 1529 quaerendae
1454 1483 1623 1531 ejusmodi
1658 1483 1853 1529 euphoniae
1890 1497 1975 1519 con-

1216 1535 1290 1568 silio
1314 1535 1431 1569 coiisse
1458 1544 1561 1578 puto.
1587 1536 1715 1570 Saltem
1743 1535 1893 1573 constat,
1917 1535 1973 1571 vel

1147 1580 1179 1612 D
1215 1586 1337 1620 Seculo
1366 1584 1584 1620 Christianae
1625 1587 1732 1618 Acrae
1757 1587 1895 1629 Quarto
1917 1587 1973 1620 A-

1216 1635 1364 1670 fricanae
1395 1635 1491 1670 Plebi
1520 1636 1555 1670 in
1588 1635 1777 1681 Rhythmis
1807 1634 1970 1684 placuisse

1215 1687 1368 1733 aliquam
1411 1687 1618 1729 verborum,
1660 1695 1698 1720 ut
1740 1686 1790 1721 ita
1833 1687 1970 1726 dicam,

1215 1736 1499 1779 consonantiam,
1527 1749 1629 1783 quam
1660 1735 1863 1783 subsequuta
1893 1738 1972 1772 Sae-

1215 1788 1291 1822 cula
1327 1787 1594 1833 amplificarunt
1629 1788 1661 1821 8<
1691 1787 1897 1835 diligentius
1934 1801 1971 1823 e-

1214 1848 1425 1873 xornarunt.
1454 1836 1680 1873 Praecefl‘erat
1715 1839 1821 1872 etiam
1857 1836 1972 1872 Com-

1214 1888 1395 1924 modianus
1433 1888 1521 1923 mihi
1560 1888 1657 1935 supra
1695 1898 1904 1923 memoratus
1932 1888 1971 1923 in

1214 1939 1382 1988 postremo
1409 1938 1579 1974 Carmine
1616 1939 1695 1978 suo,
1724 1940 1783 1974 ubi
1820 1938 1970 1986 lingulos

1214 1990 1327 2026 versus
1356 1991 1390 2025 in
1420 1992 1453 2025 O
1480 1989 1628 2026 definere
1657 1989 1801 2025 sentias.

1140 2031 1169 2065 Ε
1264 2040 1554 2077 Benchorenfibus
1585 2040 1794 2086 Rhyrhmis,
1821 2038 1967 2086 aliisque

1213 2093 1334 2127 Seculo
1371 2093 1509 2128 Οξὶτινο
1546 2091 1744 2139 compositis
1781 2103 1858 2126 cum
1906 2103 1969 2124 vo-

1182 2140 1188 2321 ¹
1212 2142 1308 2177 cibus
1336 2142 1627 2181 consonantibus,
1656 2156 1742 2188 quos
1781 2154 1888 2187 nuper
1913 2154 1968 2175 re-

1212 2192 1302 2236 tuli,
1327 2192 1414 2227 addo
1437 2191 1664 2239 Epitaphium
1690 2191 1868 2227 Lantfridi
1888 2191 1966 2225 Ab-

1213 2242 1300 2279 batis
1322 2242 1476 2278 Burenfis
1504 2242 1540 2277 in
1568 2241 1747 2289 Bajoaria,
1767 2242 1859 2289 quod
1884 2241 1968 2276 Ma-

1213 2293 1379 2330 billonius
1419 2292 1455 2328 in
1493 2292 1672 2328 AnaleEiis
1710 2292 1843 2339 publici
1881 2292 1966 2339 juris

1212 2345 1314 2380 fecit.
1343 2346 1374 2379 Is
1404 2342 1523 2379 floruit
1552 2343 1610 2378 sub
1642 2343 1766 2390 pipino
1794 2345 1825 2377 8<
1855 2345 1968 2378 Caro-

1213 2397 1249 2432 lo
1291 2397 1424 2442 Magno
1465 2397 1675 2430 Francorum
1720 2394 1896 2442 Regibus,
1926 2392 1966 2430 ἀ

1214 2446 1353 2482 circiter
1380 2449 1523 2481 Annum
1548 2444 1680 2481 Christi
1707 2446 1884 2483 DCCXC.
1905 2456 1968 2480 ex-

1216 2496 1338 2534 ceffiffe
1365 2510 1383 2533 e
1411 2495 1504 2534 vivis
1533 2495 1691 2534 videtur.

1849 2549 1918 2585 EN

2204 1760 2209 1771 -
2202 1719 2205 1726 ν
2202 1680 2210 1703 a*
2201 1378 2213 1639 ι-Αι-κε-’φζψ-Α-
2204 1336 2212 1354 π·
2202 1246 2213 1278 [ιᾶ
