2216 3100
404 266 482 298 οη
738 252 1115 312 ΑΝῑῑςζυιΤ.

399 308 528 359 μαιέἰί
557 309 711 360 signum.
739 313 863 348 Tellus
890 313 1010 349 sudore
1034 326 1104 350 ma-

397 361 696 449 ΕειεΙέιῗυΓζῑῖΐῇεκ
723 413 887 452 adveniet
922 429 982 464 per
1008 417 1106 452 secla

504 464 637 500 futurus
653 491 664 502 .

397 515 541 552 Scilicet
577 516 612 551 in
642 528 743 552 carne
779 516 958 566 praesens,
986 526 1024 554 ut
1050 518 1105 566 ju-

503 566 596 601 dicet
623 568 775 603 Orbem:

398 614 506 654 Unde
530 619 640 653 Deum
667 627 812 654 cernunt
833 618 1031 656 incredulus
1052 627 1105 655 at-

501 682 566 716 que
595 668 707 705 fidelis

398 718 543 757 Celsum
574 733 650 755 cum
678 720 834 765 sanffls,
859 720 915 757 cui
941 722 1009 769 jam
1037 728 1105 757 ter-

504 771 601 806 mino
628 771 665 805 in
693 771 767 816 ipso

400 820 457 857 Sic
493 821 628 856 animae
670 830 748 852 cum
791 831 893 853 carne
934 818 1106 863 aderunt,

501 882 583 916 quas
613 868 744 916 judicet
772 867 867 917 ipse;

399 922 490 956 Cum
531 920 618 966 jacet
656 919 810 954 inculcas
846 917 955 954 densis
981 919 1019 954 in
1047 932 1105 955 ve·

502 970 618 1016 pribus
646 969 772 1004 Orbis.

400 1021 577 1070 Rejicient
615 1019 793 1055 simulacra
831 1018 929 1064 viri,
966 1032 1107 1064 curam,

501 1084 639 1119 quoque
666 1083 784 1118 gazam
800 1095 810 1105 .

397 1123 532 1158 Exuret
570 1131 673 1156 terras
710 1120 826 1169 ignis,
863 1129 1108 1169 pontumque,

502 1171 691 1220 polumque

398 1222 611 1271 Inquirens‚
654 1221 738 1258 tetri
787 1231 904 1271 portas
946 1221 1108 1273 effringet
1138 1214 1172 1252 C

500 1273 658 1309 Averni.

397 1324 601 1361 Samstorum
632 1323 685 1359 sed
715 1323 808 1359 enim
842 1325 986 1360 cunEhie
1012 1324 1107 1361 luxit

500 1376 561 1411 lux
589 1375 697 1410 libera
725 1374 842 1410 carni.

395 1426 601 1463 Trudentur
628 1427 765 1472 fontes3
794 1434 971 1459 aeternum
1006 1423 1103 1460 flam-

497 1490 553 1511 ma
581 1475 750 1510 cremabit
766 1500 776 1516 ,

393 1527 563 1562 Occultos
602 1524 696 1560 aelus
733 1530 913 1570 retegens.
941 1522 995 1557 Te
1024 1521 1103 1570 qui-

496 1575 576 1623 sque
604 1575 798 1621 loquetur;

396 1628 533 1662 Secreta
573 1634 676 1671 atque
715 1626 806 1658 Deus
842 1621 1006 1659 reserabit
1043 1636 1101 1672 pe-

493 1676 588 1712 θοι-3
622 1674 719 1710 luci.

391 1729 496 1764 Tunc
518 1726 586 1762 erit
604 1727 635 1761 8<
659 1725 772 1762 lukius
785 1753 795 1770 ‚
810 1724 1000 1762 stridebunt
1017 1724 1099 1760 den-

493 1777 587 1813 tibus
615 1790 754 1812 omnes.

390 1828 550 1877 Eripitur
577 1827 667 1865 Solis
695 1827 813 1877 jubar,
833 1827 868 1862 8<
897 1825 978 1863 solis
1005 1826 1097 1863 inte-

490 1880 537 1916 rit
565 1878 678 1915 astris.

390 1930 566 1965 Volvetur
596 1929 770 1969 Caelum,
807 1930 944 1963 Lunam
960 1952 1098 1963 ......

493 1977 669 2026 splendet,
696 1977 835 2012 obibit.

390 2028 547 2078 Dejiciet
575 2029 705 2072 colles,
735 2027 842 2062 valles
876 2028 1027 2063 extollet
1053 2027 1098 2063 ab

491 2092 566 2115 imo
582 2105 590 2114 .

391 2132 476 2168 Non
503 2130 570 2165 erit
595 2128 632 2164 in
657 2128 755 2164 rebus
777 2126 962 2164 hominum
990 2127 1096 2165 subli-
1138 2120 1166 2153 E

493 2193 548 2216 me
577 2180 632 2215 vel
660 2180 790 2215 altum.

388 2234 463 2277 jam
493 2240 683 2278 aequantur
709 2228 845 2278 campi,
872 2236 1031 2270 montes,
1058 2230 1093 2265 δε

492 2282 626 2317 caerula
655 2281 774 2327 ponti.

389 2332 521 2370 Omnia
549 2332 743 2368 cessabunt.
768 2330 891 2367 Tellus
919 2329 1092 2366 confrae‘ca

493 2383 620 2431 peribit
636 2409 644 2418 .

390 2435 447 2473 Sic
479 2435 606 2484 pariter
643 2432 778 2476 fontes·‚
804 2439 999 2477 torrentes,
1026 2431 1092 2469 flu-

491 2485 655 2533 minaque
683 2483 778 2533 igni.

1142 251 1377 350 AMA'E'DII
1410 253 1573 297 AEVI

1828 264 1910 301 612

1261 313 1308 346 Et
1333 311 1414 347 tuba
1435 325 1513 348 cum
1539 313 1654 351 sonitu
1678 315 1809 352 tristem
1840 315 1970 352 demit-

1362 373 1413 398 tet
1441 365 1483 398 ab
1511 365 1584 400 alto

1260 413 1353 449 Orbe
1378 426 1516 462 gemens
1542 414 1704 451 miserum
1729 416 1884 457 facinus,
1904 430 1966 453 vn-

1360 463 1490 511 nosque
1516 466 1671 501 labores:

1258 515 1534 562 Tartareumque
1557 516 1659 552 chaos
1677 518 1879 554 monstrabit
1893 526 1965 554 ter-

1359 579 1395 601 ra
1423 565 1582 614 deinceps
1600 593 1610 602 .

1257 616 1304 650 Et
1332 628 1447 651 coram
1485 616 1561 652 heic
1592 616 1748 654 Domino
1785 620 1895 667 Reges
1922 618 1965 654 fi-

1359 665 1486 702 stentur
1512 668 1554 703 ad
1581 681 1687 704 unum
1704 694 1713 704 .

1258 716 1421 751 Procedit
1432 743 1543 753 ......
1571 732 1588 754 e
1616 720 1715 754 coelo
1741 717 1901 768 ignisque
1926 719 1963 755 &

1146 767 1174 800 B
1362 765 1534 813 sulphuris
1564 769 1582 786 *
1613 770 1736 806 annis.

1207 866 1292 897 Haec
1328 865 1366 898 de
1401 864 1519 907 christi
1554 868 1766 908 Nativitate,
1802 871 1966 915 Paffioneg

1207 915 1249 947 (9⁶
1277 915 1529 959 ResurreRione,
1555 927 1648 963 atque
1669 919 1801 961 secundo
1824 924 1966 954 Adven-

1206 974 1241 998 tu
1276 966 1399 998 tradita
1421 966 1496 1008 sum
1510 979 1530 1008 ‚-
1555 978 1590 1000 ut
1619 967 1651 1008 fi
1676 969 1744 1014 quis
1781 969 1814 1002 in
1850 971 1966 1002 Graec·

1205 1015 1342 1058 capitulo
1367 1015 1472 1049 horum
1501 1017 1644 1056 Versibus
1667 1018 1832 1061 discernere
1855 1019 1967 1052 volue-

1205 1066 1270 1108 rit,
1299 1065 1441 1100 inveniet
1478 1066 1590 1103 lhesus
1628 1067 1809 1112 Christus,
1847 1069 1962 1109 flios,

1205 1115 1331 1160 Theu,
1368 1118 1489 1166 Soter3
1518 1120 1599 1165 quod
1625 1121 1658 1153 in
1696 1120 1846 1154 Larinum
1873 1130 1965 1155 tran-

1204 1167 1298 1201 slatis
1333 1167 1445 1211 eisdem
1482 1169 1622 1209 Versibus
1657 1180 1816 1217 apparet;
1840 1181 1964 1217 propter

1204 1218 1286 1264 quod
1312 1220 1497 1253 Graecarum
1523 1221 1685 1254 literarum
1708 1223 1875 1267 proprietas
1902 1233 1964 1254 non

1204 1271 1280 1302 adeo
1304 1268 1407 1312 potuit
1430 1269 1608 1314 observari.
1634 1275 1732 1306 Credo
1757 1284 1835 1314 vos,
1858 1284 1874 1305 ο
1898 1270 1965 1305 ini-

1204 1319 1277 1351 mici
1294 1321 1322 1360 J
1326 1319 1439 1360 uelud,
1466 1320 1553 1353 tanti
1561 1345 1652 1355 .....
1672 1321 1729 1366 effe
1754 1321 1963 1365 confutaturos

1203 1366 1258 1412 effe
1285 1368 1351 1412 ipsa
1386 1369 1548 1412 veritate,
1575 1380 1611 1403 ut
1647 1371 1730 1405 nihil
1763 1373 1889 1418 aliquid
1914 1384 1964 1406 re-

1200 1428 1366 1461 pugnare,
1395 1418 1479 1449 nibil
1505 1430 1646 1463 quaerere
1671 1421 1809 1456 debeatis
1824 1446 1835 1456 .

1421 1465 1540 1513 (Vide
1569 1468 1643 1517 Fig.
1673 1470 1744 1518 ΙΙ.)

1203 1514 1291 1550 Illico
1324 1526 1466 1560 apertum
1500 1519 1542 1561 est
1577 1521 1727 1561 Caelum,
1763 1519 1807 1558 ὠ·
1845 1520 1962 1556 nimius

1197 1566 1346 1610 splendor
1373 1566 1467 1601 irruit
1488 1570 1582 1616 super
1608 1573 1712 1606 Eum.
1741 1574 1788 1606 Er
1813 1572 1900 1606 vidit
1927 1573 1963 1606 in

1202 1617 1299 1651 Caelo
1325 1622 1493 1663 quamdam
1527 1621 1766 1665 pulcherrimam
1803 1621 1962 1669 Vtrgt'nem

1137 1664 1171 1698 D
1195 1668 1332 1709 stantem
1354 1669 1445 1713 super
1471 1671 1611 1711 Altam,
1639 1676 1773 1707 Puerum
1808 1682 1962 1707 tenentem

1202 1718 1235 1751 in
1263 1718 1414 1753 brachiis.
1442 1722 1489 1754 Et
1522 1722 1655 1755 miratus
1691 1724 1732 1764 est
1768 1723 1888 1758 nimis:
1914 1721 1960 1761 &⁶
1987 1759 1990 1763 ,

1202 1782 1304 1802 vocem
1326 1770 1476 1804 dicentem
1499 1771 1653 1805 audivit:
1678 1774 1775 1808 Haec
1802 1777 1874 1809 Ara
1901 1773 1962 1810 Fi-

1201 1818 1244 1854 lii
1271 1819 1338 1855 Dei
1363 1819 1425 1855 est.
1447 1821 1514 1866 Qui
1530 1820 1640 1862 statim
1662 1822 1820 1868 procidens
1844 1826 1877 1857 in
1897 1834 1961 1857 rer-

1201 1883 1268 1904 ram
1307 1871 1480 1906 adoravit.
1517 1875 1624 1917 ⁸Quam
1662 1872 1811 1914 Vasionem
1852 1874 1960 1908 retulit

1201 1923 1400 1955 senatoribus
1411 1935 1431 1964 ,·
1457 1922 1500 1955 (9⁶
1527 1922 1586 1968 ¹Pfi
1612 1923 1720 1957 mirati
1741 1924 1817 1966 sunt
1843 1924 1960 1961 nimis.

1202 1974 1286 2005 Haec
1311 1971 1393 2013 Vifio
1414 1972 1480 2015 fuit
1506 1972 1540 2006 in
1561 1986 1679 2007 camera
1699 1973 1873 2008 Or‘Javiani
1894 1977 1961 2009 Im-

1198 2022 1369 2068 peratoris,
1397 2023 1452 2057 ubi
1479 2036 1558 2057 num:
1592 2024 1634 2066 est
1662 2023 1797 2065 Ecclesia
1825 2024 1959 2060 Sanffae

1204 2073 1330 2106 Mariae
1366 2075 1399 2107 in
1435 2074 1615 2117 Capitolio.
1644 2075 1757 2109 Idcirco
1791 2075 1880 2109 alisia
1915 2074 1958 2116 es}

1201 2122 1324 2159 saneta
1352 2123 1469 2159 Maria
1494 2126 1565 2159 Ara
1592 2125 1713 2161 Caeli.
1743 2128 1835 2159 Hune
1860 2125 1959 2159 locum

1200 2177 1286 2208 moda
1313 2174 1494 2209 inhabitam
1522 2177 1651 2210 Fratres
1678 2176 1840 2210 Minores.
1869 2175 1925 2223 (²)

1250 2227 1304 2260 En
1345 2237 1427 2273 ergo
1467 2238 1572 2272 quare
1608 2226 1787 2261 conditum
1826 2224 1959 2266 fuerit,

1199 2276 1233 2311 &
1256 2274 1339 2323 quid
1369 2274 1538 2323 significet
1559 2276 1734 2310 Mufivum
1749 2303 1758 2320 ‚
1779 2276 1870 2323 quod
1895 2289 1960 2310 nu-

1201 2339 1260 2374 per
1296 2325 1470 2361 vidimus.
1508 2327 1630 2373 Neque
1667 2339 1731 2371 ego
1769 2327 1864 2374 plura
1898 2324 1959 2360 ad-

1200 2377 1304 2421 dam,
1331 2385 1371 2411 ut
1397 2375 1591 2419 ostendam,
1620 2377 1724 2424 quam
1752 2377 1884 2411 nullam
1915 2374 1958 2410 fi-

1201 2428 1276 2463 dem
1304 2436 1475 2462 mereatur
1500 2426 1669 2475 ejusmodi
1694 2435 1956 2466 commentum,

1201 2477 1354 2526 antiquis
1382 2477 1545 2513 omnibus
1578 2476 1760 2525 ignotum,
1786 2478 1818 2512 &
1845 2489 1956 2524 quan-

1200 2531 1260 2566 diu
1295 2529 1425 2564 steterit
1463 2528 1502 2563 in
1537 2526 1725 2576 Capitolio
1763 2528 1956 2573 Templum

1844 2580 1906 2622 Jo-

418 2645 466 2685 (’)
489 2647 576 2681 Haec
597 2646 746 2689 postrema
768 2644 860 2679 verba
881 2645 985 2679 addita
1006 2643 1075 2679 sunt
1095 2639 1288 2681 eharafiere,
1309 2648 1461 2680 manuque
1481 2637 1663 2672 recentiori.
