2216 3100
390 230 474 271 459
737 215 1109 286 AlgTJQJr-r.
1149 216 1368 260 Mem]
1400 219 1562 264 ΛΕνι
1820 232 1906 278 4⁶0

402 327 648 394 Permixtatio
678 351 901 394 Castrorum
933 352 1177 408 quorundam
1213 333 1314 393 inter
1346 351 1594 398 Hadrianum
1627 359 1701 399 IV.
1732 360 1902 415 Papam,

687 412 725 452 8(
759 409 992 454 Admulfum
1023 411 1072 452 de
1106 411 1297 467 Aquino,
1330 414 1452 453 Anno
1488 429 1610 470 1157·

328 529 518 573 Exemplum
557 528 729 562 Chartulae
768 527 1009 573 permutationis
1051 529 1090 563 de
1130 529 1163 564 A
1199 528 1326 572 sanflae
1351 533 1516 565 Romanae
1542 531 1695 573 Ecclesiae
1727 534 1881 580 pertinet.
1908 536 1965 569 In-

362 579 503 623 Brittis‚
531 577 577 617 &
605 581 717 613 Monte
742 578 854 614 Sancti
871 578 1054 623 Iohannis.

375 682 410 714 N
436 680 557 714 nomine
597 680 729 715 Domini
763 684 866 716 Anno
906 679 1088 715 Dominicae

398 731 626 765 Incarnationis
688 728 860 772 Millesimo
919 729 1089 771 Centesimo

325 780 591 828 ¹Quinquagelimo
614 783 772 826 Septimo,
795 785 898 816 Anno
922 783 982 816 Ill.
1005 784 1085 815 Pon-

325 830 463 874 tificatus
509 830 638 865 Domini
672 830 821 864 Adriani
864 833 913 864 lV
957 833 1061 874 Papae
1078 854 1088 869 ,

325 879 502 915 Indic‘lione
540 882 576 914 V.
607 879 717 918 Mense
752 879 891 923 Aprili,
918 880 969 912 die
1000 881 1088 913 VIII.

324 933 397 974 Ego
423 928 615 964 Adinulfus
652 927 747 964 filius
786 928 960 975 quondam
1001 930 1087 963 Pan-

326 978 412 1015 dulfi
440 979 481 1015 de
520 981 688 1028 Aquino„
715 981 844 1025 propria
878 980 947 1013 meat
974 981 1084 1013 volun-

324 1040 388 1066 tate
423 1028 542 1064 cambio
578 1031 624 1068 (ἔγ
659 1040 798 1074 permitto
833 1030 894 1063 tibi
931 1029 1088 1066 Domino

325 1080 507 1119 Adriano,
534 1096 554 1116 a
582 1084 648 1116 Deo
683 1083 800 1115 decreto
822 1081 941 1124 summo
976 1080 1085 1115 Ponti—

319 1131 378 1177 fici
415 1132 460 1170 (γ’
497 1132 674 1174 universali
713 1133 825 1178 Papae
863 1132 927 1166 IV.
955 1130 1000 1169 (φ’
1035 1142 1089 1178 per

324 1193 355 1216 te
376 1182 508 1227 sanflae
544 1187 707 1217 Romanae
743 1180 919 1225 Ecclesiae,
946 1181 1088 1217 omnibu-

318 1233 395 1279 sque
420 1233 529 1275 vestris
566 1233 738 1268 Chatolicis
774 1231 991 1278 Succefforibus
1009 1260 1019 1277 ,
1045 1233 1090 1268 ad

321 1285 540 1331 proprietatem
577 1285 611 1319 in
643 1294 846 1328 perpetuum,
874 1284 1085 1317 intervenien-

323 1334 411 1369 tibus
437 1345 492 1381 pro
519 1345 548 1369 te
572 1334 780 1379 procuratorio
811 1333 933 1368 nomine
961 1333 1086 1368 Domi—

323 1397 370 1420 no
398 1385 581 1427 Rolando,
607 1386 703 1419 titulo
726 1383 842 1418 sancii
865 1383 993 1426 Marci,
1009 1383 1086 1428 san-

1199 580 1291 625 fuper
1317 593 1369 626 ego
1388 606 1398 623 ,
1424 580 1478 614 vel
1513 582 1615 628 aliqui
1635 583 1774 626 fratrum
1809 598 1964 630 meorum,

1204 630 1259 676 qui
1293 630 1436 672 castrum
1473 641 1572 666 tenere
1607 632 1743 677 debent,
1768 634 1963 678 fidelitatem

1203 679 1248 718 &¹
1276 680 1445 714 hominium
1470 682 1568 724 facere
1594 685 1706 718 debent
1735 685 1868 719 Domino
1895 688 1960 719 Pa-

1200 741 1260 777 pae
1286 732 1460 774 Adriano,
1489 734 1531 765 Φ
1552 733 1619 777 suis
1657 735 1827 769 Catholicis
1850 735 1965 780 succes-

1199 779 1348 824 soribus,
1376 782 1418 815 Θ·
1441 782 1573 826 [αηὲἶαε
1599 787 1762 819 Romanae
1789 785 1967 826 Ecclesiae:

1204 830 1250 867 (θ’
1284 831 1464 876 quicumque
1494 838 1641 880 perpetuo
1679 835 1823 877 Castrum
1858 845 1965 870 tenue-

1204 880 1289 917 rint,
1327 879 1483 920 adiuvare
1521 892 1575 924 per
1611 885 1755 928 personas
1786 886 1884 930 suas,
1917 885 1964 924 &⁶

1201 939 1255 975 per
1281 929 1424 970 Castrum
1452 930 1535 964 illud
1551 954 1562 970 ‚
1590 933 1632 965 (9¹
1656 947 1800 979 guerram
1836 937 1878 969 (9⁴
1901 947 1963 983 pa·-

1129 978 1157 1012 B
1203 991 1264 1013 cem
1300 979 1401 1022 facere
1444 991 1549 1016 contra
1587 994 1689 1017 omnes
1726 983 1888 1018 homines:
1923 987 1966 1020 (9⁶

1197 1029 1319 1073 servire
1347 1030 1481 1066 Domino
1517 1034 1645 1078 Papae,
1676 1032 1722 1071 &⁶
1757 1033 1968 1079 succefforibus

1197 1079 1288 1124 suis,
1313 1081 1357 1115 (9·
1376 1081 1510 1125 samque
1535 1086 1698 1118 Romanae
1724 1085 1896 1129 Ecclesiae,
1915 1085 1965 1127 si-

1202 1140 1253 1165 cut
1278 1144 1314 1165 ex
1348 1132 1426 1166 aliis
1465 1134 1661 1180 Campaniae
1697 1135 1896 1180 Baronibus‚
1923 1137 1966 1171 ad

1202 1183 1387 1216 mandatum
1411 1181 1458 1221 &⁶
1474 1194 1669 1231 praeceptum
1688 1185 1822 1230 sanc‘lae
1844 1189 1966 1222 Roma-

1202 1245 1260 1266 nae
1288 1232 1465 1273 Ecclesiae.
1494 1237 1541 1268 Et
1575 1248 1675 1268 omnes
1710 1235 1772 1271 alii
1805 1246 1871 1270 tam
1892 1236 1964 1280 sra-

1201 1292 1264 1315 tres·
1298 1283 1379 1321 mei,
1415 1296 1566 1330 quamque
1604 1288 1745 1319 Patruus
1784 1299 1887 1325 meus,
1920 1287 1964 1320 (9⁰

1193 1332 1266 1377 filii
1284 1333 1357 1378 sui,
1381 1331 1427 1371 &
1451 1335 1550 1368 omnis
1567 1334 1739 1378 similiter,
1763 1336 1819 1382 qui
1843 1337 1876 1371 in
1898 1339 1963 1372 Ca-

1193 1385 1258 1425 stro
1293 1393 1413 1428 partem
1454 1383 1633 1428 habebunt,
1667 1385 1825 1430 jurabunt
1862 1386 1962 1433 ipsis,

322 1435 450 1481 Hacque
478 1437 655 1471 Romanae
693 1432 865 1469 Ecclesiae
898 1433 1087 1469 Cancella-
1125 1436 1174 1473 C·
1200 1433 1255 1479 qui
1275 1432 1472 1476 fidelitatem
1505 1433 1698 1477 juraverunt
1736 1436 1872 1469 Domino
1897 1439 1965 1471 Pa-

322 1485 398 1524 rio,
421 1486 463 1519 (9⁸
492 1486 652 1528 Ubssdo,
678 1486 773 1519 titulo
797 1483 933 1519 SanHae
955 1485 1088 1523 Crucis,

324 1536 539 1581 Presbyteris
561 1535 831 1571 Cardinalibus:
859 1533 937 1575 idest
954 1533 1089 1578 Jexstam

324 1586 481 1633 integram
507 1596 630 1632 partem
657 1587 787 1619 duorum
823 1584 1024 1628 castrorum,
1051 1597 1088 1618 u-

322 1637 395 1670 nius
420 1636 591 1680 delirum,
619 1636 666 1675 &⁶
692 1636 824 1671 alterius
854 1634 994 1682 integri,
1022 1648 1088 1669 cum

321 1691 425 1722 Rocca
446 1687 528 1731 sua,
555 1700 621 1722 cum
659 1685 802 1721 domibus
825 1685 892 1729 luis
923 1686 1015 1719 rimus
1042 1684 1088 1723 &⁵

320 1743 360 1772 de
383 1737 484 1782 foris,
510 1737 556 1776 &
583 1737 673 1772 terris
698 1738 743 1777 ψ’
768 1736 892 1776 vineis,
921 1735 1088 1777 Ecclesiis‚

317 1787 437 1829 silvis,
476 1789 673 1835 paludibus,
715 1788 762 1826 ἐφ’
800 1787 981 1834 pantanis,
1021 1800 1089 1821 eum

321 1838 480 1881 Placitis,
509 1839 552 1872 (9⁴
585 1837 729 1881 districto
751 1838 834 1881 suo,
861 1838 906 1875 a&
943 1837 1087 1872 omnibus

315 1888 384 1934 suis
411 1887 536 1932 usibus,
562 1888 780 1931 utilitatibus,
806 1901 841 1922 ac
865 1887 1088 1931 pertinentiis,

319 1939 428 1986 positis
466 1939 500 1973 in
537 1939 691 1973 territorio
726 1937 914 1981 sabinensi,
952 1937 986 1971 in
1025 1938 1087 1972 loco

322 1990 378 2037 qui
403 2000 531 2024 vocatur
560 1990 685 2032 Britti,
707 1988 787 2029 sicut
816 1990 897 2022 inter
917 1988 989 2032 suos
1015 2001 1083 2022 con—

323 2041 492 2075 cluduntur
509 2039 621 2085 fines,
642 2040 723 2081 sic-tat
750 2039 830 2072 mihi
853 2040 990 2086 pertinet
1014 2037 1086 2083 jure

322 2091 530 2131 hereditario,
556 2100 613 2126 aut
649 2090 864 2137 qualicumque
899 2090 1005 2123 raodo,
1033 2089 1086 2123 sic

323 2141 386 2177 tibi
412 2141 458 2180 &¹
485 2141 623 2176 Samae
650 2145 811 2176 Romanae
837 2139 1014 2183 Ecclesiae,
1037 2139 1081 2180 si-

323 2201 373 2226 cut
399 2190 519 2226 dicium
547 2191 609 2235 est,
634 2191 752 2226 cambio
779 2191 820 2224 (9¹
846 2200 1005 2237 permuta,
1029 2200 1085 2233 pro

323 2255 355 2275 eo
381 2245 463 2289 quod
488 2255 542 2277 vos
569 2242 698 2284 dedistis
726 2241 804 2274 mihi
839 2243 933 2275 causa*
957 2251 1078 2284 permu-

321 2292 453 2327 tationis
494 2293 626 2337 sexstam
671 2302 791 2336 partem
830 2291 934 2332 Cafiri
950 2317 959 2333 ‚
1002 2294 1085 2337 quod

323 2353 452 2378 vocatur
478 2345 576 2378 Mons
600 2343 713 2378 Sancii
730 2341 913 2386 Johmnis,
934 2353 999 2374 cum
1025 2343 1079 2374 do—

321 2394 445 2436 mibus,
482 2395 594 2436 terris,
621 2394 746 2436 vineis,
775 2391 820 2429 &⁴
857 2404 923 2426 cum
958 2391 1082 2425 Placito

322 2446 364 2478 Θ
391 2443 533 2486 άὶβνίὲἰο
562 2444 640 2489 suo,
669 2442 714 2481 ὅς’
742 2455 808 2476 cum
843 2442 984 2476 omnibus
1013 2442 1082 2484 suis

320 2494 544 2539 pertinentiis,
576 2493 683 2541 positis
719 2492 871 2527 territorio
905 2491 1076 2538 Campani—

321 2558 379 2585 no,
396 2544 474 2588 sicut
502 2545 583 2580 inter
603 2544 676 2590 suos
700 2543 889 2579 concluditur
908 2542 1016 2588 fines,
1038 2542 1081 2576 (9⁶

1198 1492 1259 1525 pae
1286 1483 1328 1515 eis
1358 1483 1525 1524 Castrum,
1552 1485 1633 1531 quod
1656 1494 1712 1530 per
1732 1485 1787 1528 se,
1814 1486 1868 1519 vel
1887 1486 1966 1530 suas

1192 1530 1361 1577 submiffas
1394 1533 1542 1580 personas
1577 1546 1638 1568 non
1674 1535 1841 1579 auferent,
1868 1548 1964 1583 neque

1197 1583 1236 1617 de
1259 1581 1331 1627 jure
1357 1583 1403 1621 &⁵
1439 1583 1577 1618 dominio
1612 1586 1746 1619 Domini
1781 1589 1889 1632 Papae
1914 1586 1962 1624 ῥ’

1197 1633 1427 1667 Catholicorum
1442 1633 1635 1679 succefforum
1653 1635 1800 1680 suorum,
1823 1645 1868 1674 Θ
1883 1636 1964 1681 san-

1199 1683 1268 1718 Hae
1295 1687 1459 1718 Romanae
1485 1684 1640 1725 Ecclesiae
1662 1685 1875 1730 subtrahent:
1902 1687 1962 1720 im-

1198 1747 1245 1768 mo
1274 1733 1306 1775 si
1340 1734 1494 1775 Ecclesiae
1529 1739 1693 1771 Romanae
1728 1748 1804 1781 opus
1836 1737 1961 1781 fuerit,

1196 1784 1359 1829 absolvent
1385 1785 1521 1819 homines
1541 1786 1613 1830 suos
1639 1788 1676 1821 de
1704 1787 1868 1830 praediHo
1893 1790 1960 1822 Ca-

1190 1834 1254 1878 slro
1279 1850 1301 1871 a
1330 1835 1548 1880 sacramento,
1580 1838 1622 1870 ‹9-
1659 1837 1704 1870 eis
1738 1837 1959 1883 praecipient,

1125 1890 1159 1924 D
1196 1895 1233 1920 ut
1267 1885 1427 1931 adjuvent
1467 1885 1637 1928 Ecclesiam
1677 1891 1856 1923 Romanam
1896 1901 1963 1923 cum

1195 1937 1260 1975 eis,
1281 1937 1335 1983 qui
1363 1937 1519 1979 Ecclesiae
1545 1940 1708 1973 Romanae
1726 1938 1888 1983 fidelitate
1914 1948 1961 1974 te-

1197 1997 1310 2021 nentur
1337 1997 1442 2022 contra
1468 2001 1570 2022 omnes
1606 1989 1763 2025 homines.
1797 1991 1845 2024 Et
1868 1989 1961 2034 jura-

1195 2038 1274 2072 bunt
1308 2051 1436 2082 omnes,
1463 2038 1544 2073 bunc
1578 2039 1771 2075 contrac‘lum
1803 2039 1960 2084 adimple-

1194 2100 1247 2127 re,
1276 2088 1322 2127 αἱ]
1350 2089 1534 2134 observare,
1557 2089 1638 2131 sicut
1659 2090 1801 2137 superius
1839 2089 1960 2124 dictum

1195 2138 1257 2180 est.
1295 2141 1342 2173 Et
1379 2141 1420 2174 ab
1456 2140 1603 2175 hodierna
1637 2142 1690 2175 die
1725 2140 1883 2176 licentiam
1913 2148 1960 2177 Θ·

1192 2188 1368 2234 potestatem
1411 2190 1554 2224 habeatis
1594 2191 1760 2235 intrandi,
1802 2190 1954 2235 tenendi,

1193 2239 1321 2277 utendi,
1337 2239 1488 2282 fruendi,
1508 2241 1689 2284 vendendi,
1711 2241 1854 2284 locandi,
1878 2254 1957 2274 com-

1190 2289 1361 2332 mutandi,
1390 2288 1436 2326 &⁴
1463 2289 1612 2336 quicquid
1648 2291 1812 2325 volueritis
1848 2292 1892 2325 ad
1916 2304 1954 2325 u·-

1126 2343 1155 2377 E
1185 2339 1255 2384 sum
1282 2340 1326 2377 (⁶7
1355 2339 1527 2374 utilitatem
1563 2340 1648 2374 beati
1682 2342 1770 2375 Petri
1804 2351 1950 2387 perpetuo

1188 2389 1359 2436 placuerit,
1380 2389 1545 2432 faciendi:
1568 2400 1686 2437 excepto
1707 2391 1853 2426 Oddone
1880 2392 1950 2426 Bo-

1191 2439 1312 2479 bonis,
1339 2440 1372 2474 &
1401 2449 1497 2487 patre
1524 2439 1583 2476 suo
1612 2439 1649 2477 ἃ,
1686 2440 1849 2477 fratribus
1878 2440 1945 2477 suis

1190 2490 1361 2538 germanis
1378 2517 1388 2534 ‚
1409 2489 1446 2526 ἃ
1472 2491 1709 2537 consobrinis,
1733 2490 1770 2528 a&
1798 2491 1952 2540 patruiS,

1189 2540 1227 2577 ὅτ,
1256 2540 1437 2577 avunculis
1464 2540 1532 2578 suis
1549 2569 1560 2587 ‚
1587 2542 1697 2590 quibus
1726 2544 1947 2591 aliquomodo,

1841 2594 1896 2627 vel
