2216 3100
160 977 259 1072 D
335 981 379 1070 I
450 982 512 1073 S
588 983 648 1073 S
725 983 802 1073 E
877 983 982 1073 R
1055 980 1149 1071 T
1228 981 1328 1072 A
1403 982 1498 1074 T
1576 981 1619 1073 I
1699 982 1790 1075 O

334 1164 1616 1239 TRIGESIMASEPTIMA.

491 1384 549 1410 ⁴.-
586 1387 787 1421 Seculorum
808 1385 921 1420 Histo-

485 1431 551 1483 '‘332
585 1435 638 1471 ria
666 1436 768 1471 nobis
805 1448 927 1471 occur-

539 1497 542 1525 :
585 1484 657 1529 rit,
679 1485 927 1543 &saepiflime

586 1545 679 1572 certe
734 1537 888 1572 occurrit
916 1563 927 1581 ,

549 1586 801 1623 Christianae
839 1587 927 1622 libe-

176 1656 350 1695 -0*
393 1637 552 1697 ἢ
584 1637 738 1673 talitatis
792 1636 928 1673 mentio

222 1701 546 1710 ’-“···-”·-”“’
588 1687 627 1723 in
647 1688 737 1724 sacra
753 1689 928 1736 Templa,

170 1738 207 1776 in
234 1739 450 1790 Episcopus,
486 1739 520 1776 ἃ
557 1739 821 1775 Canonicorum
849 1751 928 1774 coe-

170 1800 247 1830 tus,
275 1801 379 1840 atque
417 1791 452 1826 in
484 1789 695 1826 Monasteria
733 1800 807 1825 tum
846 1792 929 1825 San-

169 1841 431 1877 &imonialium
462 1870 472 1886 ‚
515 1851 589 1877 tum
637 1840 927 1876 Monachorum:

169 1904 240 1927 non
270 1892 439 1927 continuo
468 1891 658 1935 putandum
687 1891 752 1931 est,
780 1905 822 1927 ex
853 1900 928 1926 tan-

168 1950 205 1977 ta
233 1954 271 1977 ac
299 1950 369 1977 tam
403 1942 457 1990 pia
482 1955 586 1991 opum
618 1942 810 1989 profusione
838 1940 930 1978 nihil

170 1991 396 2041 superfuiss'e,
433 1993 526 2040 quod
566 1994 603 2028 in
632 1997 768 2028 turbam
799 1995 929 2038 Paupe-
953 2005 957 2046 j

169 2056 246 2079 rum
289 2053 394 2090 arque
442 2055 632 2100 egenorum
671 2043 932 2078 effunderetur.
954 2071 956 2073 ,

168 2092 285 2129 Immo
309 2107 377 2129 non
406 2095 521 2130 minus
547 2092 695 2129 studium
721 2092 849 2127 christi
873 2092 932 2127 Fi-
954 2086 957 2124 ἶ

168 2144 304 2180 delibus
336 2153 435 2187 erat,
473 2154 513 2180 ut
549 2143 585 2178 hi
623 2156 762 2198 quoque
799 2131 958 2205 alerem}

169 2202 248 2238 tur,
280 2204 534 2237 recrearentur,
571 2194 605 2229 δε
640 2207 761 2230 omnia
789 2193 930 2229 M1seri

172 2246 312 2281 cordiae
339 2245 419 2280 offi
405 2247 456 2280 ia
484 2245 715 2293 implerentur
743 2245 781 2280 in
810 2256 930 2280 eorum
969 2236 1005 2274 C

171 2295 363 2332 solatium.
408 2298 544 2332 Notum
586 2305 689 2339 erar,
731 2308 769 2331 ac
812 2294 931 2344 paffim

168 2346 499 2392 depraedicabant
521 2359 624 2394 quam
647 2345 808 2390 solicite,
826 2360 930 2394 quam

168 2397 272 2434 enixe
300 2398 338 2434 in
366 2407 419 2434 tot
448 2397 616 2434 sacrarum
648 2398 845 2434 Literarum
875 2401 909 2433 lo

171 2447 220 2484 tis
251 2451 343 2484 Deus
371 2450 591 2484 commendet
619 2448 652 2483 &
680 2449 833 2484 inculcet
855 2450 927 2484 Mi-

173 2496 398 2536 sericordiam
430 2500 470 2536 in
513 2501 709 2549 pauperes,
745 2497 783 2538 &
824 2500 931 2548 quhm

527 1358 536 1362 -
576 1333 703 1371 Uoties
727 1334 764 1371 in
786 1333 925 1370 rudium
949 1333 996 1370 Ἀ
1035 1332 1213 1378 splendida
1242 1331 1394 1380 praemia
1417 1332 1698 1371 misericordibus
1719 1335 1797 1383 poi-

1035 1384 1208 1420 liceatur.
1244 1385 1373 1419 Eadem
1410 1397 1550 1432 quoque
1587 1385 1668 1420 altis
1699 1385 1799 1421 voci-

1035 1436 1097 1470 bus
1125 1433 1242 1470 Sanffi
1281 1436 1398 1470 Patres
1435 1435 1729 1485 ingeminabant3
1758 1435 1798 1473 &

1035 1485 1248 1533 quicumque
1284 1486 1362 1521 zelo
1400 1487 1507 1534 Legis
1546 1487 1581 1522 δ(
1622 1485 1798 1523 Caritatis

1036 1536 1117 1585 igne
1146 1536 1308 1579 ardebat,
1338 1537 1510 1583 Populum
1532 1550 1571 1572 ac
1598 1537 1800 1584 praesertim

1036 1587 1167 1622 divites
1185 1614 1194 1630 ‚
1223 1586 1263 1621 ad
1307 1585 1505 1633 hujusmodi
1533 1586 1652 1623 officia
1680 1587 1800 1624 solici-

1037 1638 1154 1673 tabat.
1191 1638 1429 1682 Quamobrem
1474 1637 1531 1672 vel
1568 1636 1686 1673 ferreis
1723 1637 1799 1674 illis

1038 1687 1171 1723 Seculis
1199 1697 1297 1722 tanta
1326 1696 1399 1722 erat
1429 1687 1468 1722 in
1497 1688 1666 1736 Pauperes
1693 1688 1801 1724 Chri-

971 1738 1223 1822 Bstianorurn
1245 1736 1485 1772 munificentia
1499 1761 1510 1777 ,
1538 1747 1576 1773 ut
1597 1748 1688 1774 certe
1709 1747 1799 1774 tem-

1039 1802 1121 1837 pora
1164 1787 1298 1827 nostra,
1338 1800 1548 1836 quamquam
1593 1789 1723 1836 pietate
1759 1802 1798 1824 ac

1039 1852 1176 1875 morum
1206 1838 1438 1886 temperanti&
1465 1852 1544 1887 prae
1572 1838 1645 1874 illis
1666 1838 1801 1875 emine-

1039 1903 1075 1926 re
1103 1889 1310 1933 videantur,
1339 1889 1431 1937 quod
1460 1898 1576 1925 tamen
1597 1890 1640 1926 est
1661 1890 1701 1925 ad
1722 1889 1801 1926 Mi-

1040 1939 1262 1976 sericordiam
1305 1940 1342 1976 in
1399 1941 1566 1984 pauperes
1592 1968 1602 1981 .
1644 1940 1799 1976 conferre

1039 2005 1117 2028 cum
1140 1990 1184 2027 iis
1205 2004 1311 2038 aeque
1333 2004 1402 2026 non
1426 1989 1549 2038 poffis.
1576 1993 1623 2026 Et
1650 1992 1686 2027 in
1715 1991 1800 2027 hoc-

1039 2055 1076 2078 ce
1112 2042 1252 2089 quidem
1297 2039 1539 2099 argumentuffi
1582 2044 1693 2078 multa
1734 2056 1800 2091 ego

1038 2091 1214 2141 congessi,
1243 2092 1339 2128 edito
1367 2093 1434 2140 jam
1464 2093 1576 2129 lero
1603 2095 1641 2127 de
1667 2093 1798 2128 Carita-

1038 2153 1067 2177 te
1093 2142 1299 2185 christiam.
1336 2144 1399 2178 Sed
1437 2157 1487 2179 res
1526 2142 1661 2192 poscit,
1698 2153 1736 2179 ut
1762 2145 1797 2179 &

1039 2193 1117 2229 heic
1164 2194 1334 2229 nonnulla
1378 2194 1580 2242 proferam,
1626 2207 1712 2242 quae
1755 2194 1797 2229 ad

1041 2244 1182 2291 propius
1218 2244 1485 2293 dignoscendam
1529 2245 1590 2280 hac
1628 2246 1663 2280 in
1702 2253 1796 2293 parte

1040 2296 1185 2331 illorum
1215 2296 1415 2331 Seculorurn
1445 2295 1568 2331 faciem
1598 2308 1665 2330 non
1694 2296 1797 2343 inop-

1041 2355 1190 2395 portuna
1209 2345 1345 2381 censui.
1374 2345 1493 2381 Primo
1517 2346 1627 2395 igitur
1650 2345 1798 2381 statuen-

1040 2397 1121 2433 dum
1149 2396 1217 2438 est,
1246 2397 1386 2432 illarum
1415 2410 1544 2445 opum,
1572 2409 1658 2444 quae
1678 2409 1696 2430 a
1729 2395 1798 2440 piis

1040 2447 1248 2483 Christianis
1284 2446 1353 2482 five
1390 2448 1427 2482 in
1464 2448 1540 2482 vita
1581 2446 1798 2482 donabantur

1038 2498 1227 2544 Ecclefiis,
1262 2497 1464 2547 Episcopis,
1499 2496 1538 2534 δε
1574 2495 1794 2583 Clgiclaeiurum

1657 2560 1677 2583 o
1709 2559 1746 2584 e-
