2216 3100
238 203 295 256 '73

504 194 872 240 DJSSERTATJO
905 187 1314 236 TRJGESIMASEP
1324 188 1492 232 TJMAE

1697 205 1755 245 74

180 256 523 302 tefimo·N0nagefimo
558 257 710 300 Quam,
753 256 843 288 XIII.
889 253 941 288 die
978 254 1009 288 A
1049 262 1107 285 cos
1145 247 1241 296 prior
1277 245 1489 282 consuetudo
1525 248 1585 284 diu
1621 247 1810 290 obtinuit,

181 310 337 352 Martii,
382 304 589 348 Pontificarus
628 304 760 339 Domini
806 304 942 337 Milonis

183 360 248 395 Dei
279 356 389 404 gratid
426 354 673 397 Mediolanensts
708 353 943 400 Arcbiepiscopi

183 413 283 446 Anno
308 407 467 451 Septimo-

231 456 451 493 conferenda
478 455 610 493 Charta
638 455 721 491 haec
756 453 868 491 rursus
896 453 941 489 est

178 520 256 544 cum
285 507 353 551 iis,
381 520 469 554 quae
508 520 617 554 nuper
652 505 810 541 laudatus
840 504 941 540 Puri-

181 557 305 602 cellius
342 557 497 605 disputat
533 558 574 593 de
601 559 710 592 Anno
746 555 942 591 ordinatio-

177 607 233 644 nis
271 607 424 644 Milonis
462 608 564 656 hujus
603 605 870 654 Archiepiscopi
906 605 942 641 in

179 660 407 694 Monument.
433 657 568 694 Bafilic.
598 657 818 693 Ambrosian.
847 669 943 691 num.

180 711 266 754 605.
294 711 417 757 Neque
439 709 619 744 illibenter
645 706 843 756 hujusmodi
868 707 942 753 pio·
985 702 1021 737 B*

180 772 258 795 rum
286 760 444 796 locorum
473 772 589 795 curam
616 757 788 794 Monachi
815 759 847 792 8(
875 759 944 793 Ca-

178 808 301 845 nonici
338 809 590 856 suscipiebant.
619 819 696 845 tum
733 808 825 855 quod
867 810 941 844 Ho-

179 859 385 908 spitalitatis
426 859 465 897 &
507 860 681 896 Caritatis
722 859 944 896 Christianae

182 910 310 947 officiis
337 911 589 961 fungebantur,
615 920 689 947 tum
716 911 822 947 etiarn
851 910 944 958 quod

185 974 274 1009 quae
300 976 319 998 e
348 964 607 1010 peregrinorum
639 962 818 999 alimentis
848 961 943 1009 supe-

182 1021 321 1052 rerant,
349 1013 387 1048 in
417 1014 597 1060 proprium
626 1013 721 1047 usum
761 1022 944 1048 converte—

180 1061 286 1096 bant.
315 1064 455 1109 Lupum
486 1062 661 1096 Abbatern
694 1061 943 1097 Ferrariensem

181 1109 219 1147 in
247 1110 366 1147 Gallia
403 1113 527 1147 Seculo
554 1111 688 1147 Christi
728 1114 834 1146 Nono
863 1111 946 1147 haec
969 1142 971 1148 ,

181 1160 389 1196 scribentem
419 1161 521 1196 audi:
552 1163 675 1194 cellam
703 1161 780 1206 (ita
809 1162 872 1195 ille
899 1163 946 1195 E·
978 1152 1014 1189 C

181 1209 304 1258 pistola
339 1209 522 1244 undecima
561 1209 600 1244 ad
629 1209 841 1245 Lotharium
879 1211 947 1245 Re-

182 1272 260 1308 gem
289 1258 433 1307 inquit)
457 1259 571 1293 Sam‘i‘i
589 1259 724 1303 jodoci,
749 1273 842 1306 quam
867 1262 944 1293 Ma-

178 1323 263 1357 gnus
289 1311 420 1345 Carolus
447 1313 601 1356 quondam
629 1310 770 1345 Alcut‘no
799 1311 844 1345 ad
869 1312 946 1344 elee-

183 1361 341 1407 moffitnam
367 1361 573 1395 exhibendam
609 1361 787 1407 Peregrinis
823 1360 944 1395 commi-

177 1411 286 1457 serat,
314 1410 424 1447 beatae
452 1412 613 1446 memoriae
639 1422 731 1458 pater
766 1410 865 1454 vester
891 1424 946 1445 no-

183 1463 233 1498 his
260 1463 297 1496 ed
324 1463 441 1496 vasione
468 1463 623 1507 conceffit,
651 1472 686 1496 ut
713 1463 794 1508 quod
819 1463 945 1496 eleemo-

176 1512 276 1560 synae
300 1511 482 1557 supereffee,
514 1513 547 1546 in
575 1512 709 1554 nostrum
744 1512 831 1555 usum
860 1516 944 1546 cede-

184 1574 250 1598 ret.
279 1565 399 1609 Atque
431 1562 595 1598 hester-,us
630 1563 671 1597 de
702 1562 768 1610 piis
805 1562 946 1599 aedibus

184 1613 222 1649 in
265 1612 450 1648 subsidium
492 1613 756 1662 Peregrinorum
796 1613 946 1649 constru—
970 1605 1025 1649 'D

184 1662 271 1699 fiis.

235 1716 319 1750 Non
347 1722 418 1749 tam
451 1713 555 1750 facile
592 1728 698 1755 vero,
726 1728 837 1762 neque
873 1723 945 1750 tam

185 1764 282 1812 saepe
310 1765 346 1800 in
377 1775 532 1800 veterum
562 1767 762 1801 Seculorum
793 1765 945 1801 Historia

187 1828 226 1851 ae
264 1826 502 1851 monumentis
545 1830 693 1858 reperias
734 1826 888 1852 excitata
929 1830 947 1852 a

183 1865 381 1902 Christiana
406 1866 569 1902 Caritate
594 1866 794 1903 habitacula
820 1869 861 1903 ad
886 1880 946 1903 ex-

186 1915 367 1963 cipiendos
399 1929 519 1963 pueros
547 1918 589 1952 ab
621 1918 764 1954 incertis
795 1918 947 1966 parenti-

185 1966 247 2001 bus
275 1976 398 2005 natos,
427 1976 486 2002 aut
513 1968 554 2002 ab
588 1967 788 2004 inhumanis
827 1982 946 2015 paren—

184 2016 278 2052 tibus
307 2016 500 2065 expofitos.
529 2017 598 2053 Uti
624 2020 660 2053 in
687 2019 796 2055 Libro
822 2021 860 2053 de
883 2023 946 2054 Ca-

184 2067 280 2102 ritate
305 2068 561 2112 animadverti,
589 2082 630 2103 ex
656 2071 750 2117 Lege
776 2068 948 2104 Constan—
987 2059 1015 2092 E

184 2116 255 2153 tini
283 2118 406 2166 Magni
435 2119 648 2166 quicumque
671 2119 842 2154 infantem
869 2133 947 2168 pro-

171 2167 315 2216 VjeRum
355 2169 544 2216 colligebat
580 2178 685 2216 atque
721 2170 857 2209 alebat,
896 2170 948 2217 jus

187 2219 225 2254 in
254 2219 356 2254 illum
395 2218 445 2254 ita
473 2218 534 2254 fibi
572 2220 734 2267 parabat,
763 2228 802 2255 ut
835 2219 947 2268 ipsum

183 2268 355 2313 retinere,
370 2269 441 2310 sive
461 2269 592 2312 filium,
607 2269 679 2311 five
700 2270 847 2314 servum,
867 2272 950 2305 omni

184 2321 378 2366 repetitionis
405 2319 620 2366 inquietudine
641 2321 790 2364 sublatd.
817 2321 876 2356 fibi
903 2321 949 2357 li-

189 2379 301 2406 ceret.
328 2370 537 2414 justinianus
575 2380 690 2407 autem
721 2372 894 2421 Augustus
926 2373 948 2407 l.

186 2421 347 2455 sancimus
377 2419 422 2457 C.
450 2422 489 2456 de
518 2422 701 2465 Infann'bus
730 2423 850 2469 exposite
886 2422 950 2458 hu-

189 2469 339 2519 jusmodi
376 2485 498 2518 pueros
535 2486 553 2508 a
584 2472 788 2509 conditione
826 2476 949 2509 Servo·

189 2533 267 2559 rum
305 2520 477 2561 absolvit.
509 2524 683 2573 Attamen
718 2524 808 2574 apud
844 2527 952 2562 Fran-

1050 298 1210 346 mihique
1236 298 1408 333 incertum
1439 297 1507 338 est,
1537 310 1637 344 quem
1676 310 1810 333 morem

1049 349 1185 397 sequuti
1203 348 1334 383 fuerint
1353 347 1457 386 Itali,
1475 349 1698 393 regnantibus
1717 351 1810 384 Lan-

1049 399 1211 449 gobardis
1239 397 1275 435 &
1315 396 1478 433 Francis.
1515 399 1592 440 Jdm
1630 397 1725 445 supra
1757 399 1811 434 vi-

1049 452 1163 486 dimus
1193 457 1385 485 memorata
1411 448 1449 484 in
1478 445 1614 483 Codice
1650 447 1812 491 justinia-

1049 515 1136 537 naeo
1165 499 1432 547 Brepbotrophia‚
1461 498 1526 533 hoc
1554 497 1621 542 est,
1650 499 1722 545 pias
1757 512 1812 534 ae-

1048 552 1129 596 des,
1158 551 1217 587 ubi
1248 550 1400 586 Infantes
1428 549 1610 584 alebantur
1637 561 1678 583 ex
1709 548 1810 584 Fide-

1049 603 1138 638 lium
1178 601 1445 637 munificentia.
1481 602 1540 634 An
1578 599 1664 634 illuc
1703 598 1814 635 defer-

1049 662 1170 689 rentur
1198 651 1320 688 tenelli
1348 650 1462 697 foetus
1489 663 1508 685 a
1536 650 1705 685 matribus
1735 663 1814 698 pro-

1050 703 1156 753 jes-sti,
1187 703 1340 738 nondum
1371 700 1521 749 agnovi.
1559 702 1599 736 In
1627 700 1813 746 Capitula-

1049 755 1144 791 ribus
1167 756 1300 802 Regum
1327 754 1538 788 Francorum
1561 750 1644 787 Lib.
1673 763 1704 786 2.
1726 752 1812 799 Cap.

1052 817 1110 854 29.
1137 819 1179 841 ex
1217 805 1358 849 Juliano
1396 801 1620 837 Anteceffore
1660 801 1813 837 Novella

1049 869 1084 904 7.
1113 858 1200 904 Cap.
1229 856 1332 905 prim.
1360 861 1676 892 commemoratur,
1705 853 1738 888 &
1771 853 1814 888 ab

1049 907 1319 954 Orphanotrophio
1365 904 1589 954 distinguitur
1627 904 1815 949 Brephotro-

1048 959 1180 1004 phium,
1216 957 1294 1001 idest
1327 957 1409 992 locus
1446 955 1660 999 venerabilis,
1688 956 1721 989 in
1756 967 1814 1002 quo

1052 1010 1192 1053 Infantes
1220 1010 1369 1044 aluntur.
1393 1006 1477 1043 Mos
1505 1006 1565 1043 iste
1589 1005 1705 1042 alendi
1732 1019 1813 1052 pau-

1054 1072 1148 1105 peres
1178 1059 1331 1094 Infantes
1360 1071 1400 1093 an
1429 1072 1473 1094 ex
1500 1057 1648 1093 Oriente
1678 1057 1715 1092 in
1745 1057 1815 1091 Ita-

1053 1109 1138 1145 liam
1168 1108 1290 1155 primis
1318 1107 1489 1143 Ecclesiae
1516 1117 1657 1155 pacatae
1683 1106 1815 1142 Seculis

1052 1159 1213 1194 invectus
1251 1158 1377 1197 fuerit,
1405 1157 1532 1205 quasve
1569 1157 1700 1193 radices
1737 1156 1815 1192 heic

1053 1208 1190 1255 egerit,
1232 1217 1388 1243 veterum
1432 1217 1685 1248 monumenta,
1727 1220 1815 1255 quae

1053 1257 1192 1300 norim,
1221 1270 1290 1292 non
1328 1257 1497 1305 produnt.
1535 1259 1640 1303 Quod
1669 1271 1750 1305 ergo
1778 1270 1815 1292 a-

1053 1307 1404 1349 nimadvertendum,
1437 1306 1558 1342 saltem
1595 1307 1733 1342 05³cavo
1770 1310 1818 1342 E-

1054 1358 1185 1406 pochae
1213 1358 1367 1406 vulgaris
1395 1358 1520 1393 Seculo
1548 1356 1683 1392 sanetae
1714 1357 1817 1405 huju—

1054 1408 1107 1444 sce
1135 1408 1368 1444 institutionis
1402 1408 1601 1455 exemplum
1640 1408 1817 1447 occurrit.

1054 1459 1160 1506 idque
1198 1458 1420 1501 Mediolani,
1459 1458 1518 1493 ubi
1554 1461 1663 1494 Anno
1702 1459 1818 1494 DCC-

1055 1512 1277 1547 Lxxxvu.
1303 1508 1512 1545 exstruRum
1541 1508 1586 1545 est
1612 1509 1667 1557 pia
1692 1509 1819 1544 libera-

1055 1561 1158 1597 litate
1185 1560 1432 1599 domicilium,
1459 1559 1498 1595 in
1525 1573 1595 1606 quo
1632 1559 1727 1605 pueri
1755 1572 1817 1594 ex-

1057 1611 1158 1661 positi
1195 1612 1460 1659 exciperentur,
1489 1624 1508 1645 a
1544 1611 1667 1645 Datheo
1697 1610 1818 1645 Archi-

1052 1664 1231 1710 presbytero
1261 1660 1393 1706 sanc‘lae
1430 1659 1677 1699 Mediolanensis
1711 1662 1820 1694 Eccle-

1050 1714 1142 1755 siae.
1167 1713 1259 1748 Vide
1286 1710 1512 1748 Puricellium
1542 1710 1579 1746 in
1603 1712 1825 1746 Monumen-.

1058 1765 1104 1800 tis
1133 1762 1268 1799 Bafilic.
1296 1760 1516 1798 Ambrofian.
1543 1760 1604 1808 qui
1634 1774 1729 1796 num.
1761 1771 1818 1807 17.

1058 1816 1193 1850 tabulas
1211 1813 1315 1849 refert
1326 1808 1432 1848 'Petri
1450 1811 1714 1859 Archiepiscopi
1738 1813 1819 1845 Me-

1058 1863 1266 1900 diolanenfis
1284 1891 1292 1903 ,
1340 1862 1483 1910 scriptas
1531 1864 1639 1897 Anno
1685 1860 1820 1897 Christi

1059 1916 1365 1952 DCCLXXXKX.
1403 1926 1472 1949 non
1514 1916 1598 1948 vero
1639 1913 1820 1948 DCCXC.

1059 1967 1185 2015 quibus
1215 1964 1396 2001 subscribit
1426 1964 1565 2000 Datbeus
1590 1963 1821 2008 Archipresby-

1058 2029 1105 2053 ter
1131 2017 1253 2059 lanffae
1280 2014 1529 2056 Mediolanenfis
1554 2014 1727 2056 Ecclesiae.
1755 2014 1819 2049 Ille

1058 2068 1152 2105 idem
1175 2067 1219 2103 est
1244 2080 1282 2102 ac
1309 2066 1358 2115 pii
1383 2065 1454 2100 loci
1480 2064 1663 2108 conditor,
1689 2065 1729 2099 de
1750 2076 1819 2110 quo

1060 2132 1152 2154 nunc
1177 2117 1266 2153 mihi
1293 2117 1423 2152 sermo,
1450 2116 1681 2151 Fundationis
1706 2113 1822 2150 Char-

1059 2179 1131 2204 tam
1160 2167 1317 2216 descripsi
1346 2181 1363 2203 e
1388 2166 1525 2203 Codice
1550 2164 1724 2201 Francisci
1750 2166 1820 2199 Ca·

1059 2219 1168 2259 stelli,
1187 2218 1248 2266 qui
1269 2231 1372 2254 manu
1393 2226 1551 2254 exaratus
1572 2219 1678 2252 Anno
1695 2216 1818 2250 MDL.

1060 2283 1152 2306 nunc
1180 2269 1378 2305 adservatur
1405 2269 1441 2303 in
1480 2267 1701 2304 Bibliotheca
1730 2268 1821 2299 Am-

1060 2320 1213 2357 brosiana
1250 2319 1471 2355 Mediolani.
1509 2318 1668 2354 Adnotat
1701 2324 1818 2349 autem

1059 2371 1111 2408 ibi
1148 2370 1342 2410 Castellus,
1380 2370 1480 2405 hosce
1516 2369 1601 2404 duos
1637 2364 1750 2401 versus
1781 2364 1819 2400 in

1061 2421 1194 2458 mufivo
1223 2420 1417 2468 pavimenti
1445 2419 1557 2454 Sanfi‘i
1582 2415 1760 2452 salvatoris
1785 2415 1819 2450 in

1062 2474 1253 2509 xenodochio
1280 2471 1390 2508 adhuc
1417 2469 1509 2518 legi,
1538 2466 1725 2505 videlicet:

1654 2567 1770 2605 SAN-
