2216 3100
286 249 365 290 325
495 232 859 276 DzsseR‘tMto
893 228 1572 293 ,Q-UADRAGEQMAPMMA.
1708 240 1790 289 325

226 292 261 330 δὲ
290 296 371 350 quei
400 290 473 327 fieri
501 289 639 339 potuit,
667 297 816 348 tlt-unus
845 303 907 337 pro
928 290 973 324 21-
1003 293 1051 375 ΙΑ
1091 286 1262 345 sententia
1301 285 1347 320 ob
1389 286 1480 322 hunc
1521 288 1633 334 ipsum
1675 290 1848 350 defeffitm}

222 353 299 379 tero
326 342 499 378 interdum
537 352 605 375 non
643 338 883 384 acciperetur?
921 339 978 375 Ut
1004 378 1009 382 ,
1092 337 1168 373 fieri
1197 338 1295 372 nullo
1323 336 1425 385 pasto
1453 337 1586 385 potest,
1614 348 1652 374 ut
1678 342 1848 388 ejusmodl

223 394 273 430 ait
302 391 443 430 Sanetus
471 390 684 439 Augustinus
703 389 794 439 Cap.
819 401 874 437 13.
894 390 977 426 Lib.
1093 388 1226 423 soboles
1255 414 1264 431 ,
1306 399 1518 435 quamquam
1556 401 1598 423 ex
1637 392 1850 437 antiquitate

223 444 295 494 post
321 442 458 478 Collat.
485 443 527 476 ad
557 441 781 477 Donatistas:
816 443 912 488 plena
938 441 979 482 ιβ
1092 438 1260 477 illustres,
1287 437 1324 473 in
1353 439 1473 474 Secula
1501 447 1634 474 remota
1654 440 1848 488 assurgant,

222 494 401 538 consuetudo
431 492 555 539 generis
583 493 738 536 humani,
774 501 810 525 ut
836 504 896 526 non
928 492 975 534 [0—
1093 490 1213 537 ibique
1257 489 1497 537 progenitores
1539 488 1614 525 suos
1656 490 1851 538 detegant,

224 545 290 578 mm
317 544 403 583 duo,
426 544 481 586 sed
506 543 601 578 etiam
627 544 728 587 plures
757 541 893 576 homines
919 554 979 575 uno
1092 539 1156 575 nist
1183 552 1240 575 eos
1268 539 1421 575 constans
1451 540 1568 588 aliqua
1606 540 1821 577 Praefec’cura
1839 569 1851 586 ,

221 593 343 629 nomine
378 594 576 630 vocitentur.
613 593 744 628 Verum
782 591 978 639 Augustino
1093 599 1154 626 aut
1180 590 1328 640 alicujus
1354 590 1426 626 loci
1448 590 1658 626 Dominium
1685 605 1704 627 a
1731 592 1854 630 ceteris

221 644 367 680 vivente
393 653 492 680 erant
520 643 748 680 Praenomina
776 641 812 678 ὅ(
835 645 978 691 Cogno-
1094 641 1268 684 secernat,
1305 642 1338 676 δ(
1367 641 1654 689 εοῃῇιιηᾶὶοηεηι
1683 655 1760 678 cum
1791 657 1854 692 po-

224 695 342 734 mina,
376 694 502 743 quibus
538 695 627 730 alter
653 695 694 728 ab
722 694 833 728 altero
859 693 973 728 distin·
1095 691 1188 726 stetis
1215 690 1348 740 fignet.
1385 694 1449 727 Sed
1477 692 1562 740 quid
1590 692 1667 728 dixi
1695 695 1852 730 tenebras

224 747 412 793 guebatur.
451 747 534 781 Non
569 743 662 780 idem
700 744 831 779 Seculis
858 744 978 779 barba·
1025 750 1053 783 Β
1095 741 1236 789 posteris
1263 742 1390 777 inlatas
1427 756 1470 778 ex
1499 743 1557 778 ista
1588 742 1746 780 nuditate
1776 747 1854 780 No-

220 795 304 831 ricis
332 795 462 830 faffium
479 821 487 830 .
525 797 644 841 Quum
673 794 838 830 Mutinae
865 795 980 843 plures
1096 792 1256 828 minum?
1282 793 1348 828 Vel
1370 792 1448 840 ipsis
1469 793 1693 838 viventibus,
1714 808 1854 831 eorum-

221 845 310 880 olim
339 846 467 888 essent,
495 846 528 881 &
557 845 668 881 adhuc
695 844 760 880 fint
777 870 788 885 ,
814 847 978 891 Iohannis
1097 857 1138 879 ve
1167 842 1253 879 filiis
1280 844 1409 879 necesse
1436 843 1500 883 est,
1530 853 1568 880 ut
1594 845 1681 880 olim
1703 858 1775 881 non
1802 849 1854 883 le-

224 897 369 931 Femm'i
395 909 522 931 nornen
550 897 584 931 &
612 909 807 945 cognomen
849 895 980 944 praefe-
1098 908 1140 930 ve
1167 894 1430 929 incommodum
1453 895 1625 944 pepererit
1644 905 1749 944 atque
1769 910 1854 933 con-

222 956 359 990 rentes‚
395 946 432 982 in
471 946 635 994 Epistolis
672 947 714 981 ad
750 960 809 981 eos
846 945 981 990 miffis,
1097 943 1262 980 fusionem
1291 944 1469 993 neglectus
1499 944 1559 981 iste
1586 947 1853 994 Cognominum

223 1007 327 1044 atque
362 997 400 1032 in
429 996 508 1031 aliis
545 997 630 1032 bene
666 995 790 1031 multis
826 996 982 1040 cafibus,
1100 994 1194 1030 usus.
1222 994 1278 1030 Ut
1306 996 1548 1043 experimento
1576 994 1670 1032 faao
1697 1011 1769 1034 rem
1800 998 1854 1048 ip-

223 1059 354 1082 errores
390 1045 694 1082 interveniebant.
732 1048 807 1095 Ego
843 1059 982 1094 quoque
1099 1044 1167 1080 sam
1197 1046 1328 1082 Lestor
1355 1046 1470 1095 digito
1507 1047 1566 1083 suo
1595 1057 1739 1097 tangat,
1772 1063 1854 1085 exe—

225 1097 358 1144 (liceat
385 1097 532 1145 addere)
561 1097 628 1132 duo
660 1098 805 1132 nomina
840 1097 981 1133 adhibe·
1097 1109 1169 1132 rere
1207 1097 1295 1132 mini
1334 1098 1447 1145 placet
1489 1109 1716 1135 monumenta
1758 1100 1855 1142 duo,

224 1162 260 1184 re
288 1149 329 1183 ab
357 1148 590 1183 adolescentia
618 1147 744 1194 coepi,
772 1160 843 1182 non
870 1147 981 1183 ambi-
1067 1165 1071 1205 ι
1097 1160 1184 1194 quae
1211 1147 1343 1183 nullius
1371 1149 1543 1184 momenti
1564 1149 1676 1185 videri
1706 1150 1854 1200 poffint,

225 1198 335 1233 tionis
363 1197 504 1240 caussa,
533 1197 587 1231 sed
617 1196 853 1239 necessitatis,
891 1197 983 1243 quod
1024 1197 1071 1234 C*
1097 1197 1152 1232 sed
1180 1210 1267 1245 quae
1296 1199 1473 1246 Majorum
1503 1199 1692 1236 nostrorum
1726 1200 1789 1237 hac
1817 1202 1855 1238 in

223 1247 377 1293 aequalis
406 1259 501 1281 meus
530 1247 618 1280 alter
643 1246 746 1284 esset,
773 1245 895 1280 eodem
921 1245 982 1280 do—
1097 1259 1132 1281 re
1160 1247 1447 1283 consuetudinem
1476 1250 1748 1287 luculentissime
1776 1265 1858 1300 pro-

221 1306 323 1332 natus
343 1296 489 1332 nomine
513 1304 617 1343 atque
638 1295 983 1343 cognomine.Quid
1096 1296 1197 1330 dent.
1225 1296 1354 1332 Eadem
1389 1311 1454 1346 ego
1489 1299 1645 1348 descripsi
1683 1315 1726 1337 ex
1757 1311 1857 1339 vetu-

222 1360 304 1396 ergo
331 1347 420 1382 olim
450 1345 635 1394 contigifl'e
664 1355 784 1394 putes,
812 1358 920 1394 quum
942 1358 983 1381 ne
1096 1344 1238 1381 stiffimo
1266 1348 1542 1384 Sacramentario
1575 1350 1692 1386 sanffl
1720 1354 1856 1399 Grego-

222 1400 509 1446 Cognomentum
550 1397 692 1444 quidem
730 1397 877 1432 alterum
920 1396 982 1431 ho·
1096 1396 1164 1439 rii,
1192 1397 1285 1444 quod
1314 1397 1513 1434 adservatur
1539 1401 1575 1435 in
1598 1400 1758 1436 Archivo
1783 1401 1858 1438 Ca-

224 1449 356 1483 minem
394 1449 436 1483 ab
473 1449 612 1490 altero,
649 1446 744 1490 five,
782 1456 820 1482 ut
856 1447 984 1482 rectius
1097 1446 1203 1494 pituli
1254 1449 1517 1484 canonicorum
1568 1450 1822 1488 Mutinenfium
1845 1481 1855 1498 ‚

225 1499 376 1544 loquar,
414 1498 515 1533 unius
553 1497 742 1532 Familiam
771 1497 814 1532 ab
841 1497 984 1532 alterius
1096 1507 1264 1542 exarato,
1292 1508 1331 1534 ut
1358 1500 1506 1547 opinor,
1543 1500 1686 1538 ineunte
1714 1505 1857 1540 Saeculo

224 1548 470 1596 distingueret,
497 1548 531 1582 δ(
569 1547 740 1596 plurimi,
777 1556 816 1583 ut
852 1561 912 1597 par
939 1547 984 1583 est
1097 1550 1196 1584 AErae
1238 1549 1455 1586 Christianae
1499 1552 1674 1591 Decimo,
1715 1553 1857 1590 forsitan

224 1602 361 1633 credere
387 1625 397 1641 ,
437 1598 558 1633 eodem
601 1599 745 1633 nomine
786 1597 823 1633 in
864 1598 983 1634 eadem
1097 1598 1134 1634 ἃ
1163 1601 1306 1635 Saeculo
1336 1602 1462 1636 Nono.
1501 1603 1593 1638 Nam
1633 1611 1768 1651 praeter
1794 1617 1858 1640 an-

225 1648 387 1684 Civitate
415 1647 698 1696 appellarentur?
739 1650 855 1684 Nemo
891 1658 983 1684 certe

225 1711 296 1734 non
339 1698 457 1735 videat
485 1727 494 1742 ‚
539 1698 709 1746 ejusmodi
755 1699 981 1746 antiquorum

225 1762 356 1785 morem
404 1750 570 1798 plurimas
625 1749 764 1798 posteris
807 1750 983 1798 reliquiffe

1025 1647 1057 1680 D
1096 1650 1302 1696 tiquitatem
1330 1649 1501 1695 Codicis,
1530 1651 1567 1688 ὅ(
1598 1651 1746 1688 formam
1775 1654 1858 1690 cha-

1097 1700 1290 1744 raRerum,
1319 1700 1401 1737 haec
1429 1702 1523 1749 ipsa,
1552 1715 1639 1750 quae
1666 1716 1758 1739 nunc
1779 1705 1854 1741 edi-

1097 1760 1193 1786 turus
1222 1751 1318 1794 sum,
1345 1752 1382 1787 in
1412 1753 1567 1801 margine
1596 1753 1714 1789 addita
1733 1765 1854 1799 erant,

224 1801 405 1836 tenebras:
445 1800 537 1848 quod
576 1799 790 1848 potiffimhm
829 1800 983 1836 sentiunt
1097 1811 1339 1849 praetereaque
1375 1803 1612 1838 additamenta
1655 1804 1724 1839 alia
1763 1804 1855 1842 facia

199 1872 204 1875 -
230 1850 386 1899 privatae
414 1850 607 1894 Familiae,
635 1850 657 1885 fi
685 1851 823 1899 quando
843 1852 882 1887 ad
905 1864 986 1887 con·
1098 1854 1204 1887 Anno
1224 1851 1357 1888 Christi
1379 1854 1741 1898 DCGCCLxan,
1768 1869 1856 1903 quae

229 1900 416 1947 quirendos
455 1900 491 1935 in
532 1900 672 1936 vetustis
709 1903 838 1937 seculis
868 1903 981 1951 Major
1099 1903 1258 1938 evincere
1276 1902 1434 1950 possunt,
1453 1903 1556 1952 longe
1574 1914 1674 1940 antea
1691 1905 1856 1955 scriptum

227 1964 279 1987 res
310 1950 386 1986 suos
413 1949 445 1986 se
473 1949 505 1986 se
532 1959 762 1988 convertunt.
789 1953 871 1988 Mea
890 1953 986 1989 enim
1065 1956 1071 2000 Ι
1098 1952 1195 1990 fuisse
1223 1953 1371 1990 Codicis
1398 1953 1501 2003 ipsius
1528 1963 1693 1991 textum:

225 2074 437 2131 Catalogus
468 2090 628 2129 eorum,
659 2074 726 2132 qui
758 2077 805 2118 ad
838 2076 1047 2134 luminaria
1081 2078 1227 2130 Maiori
1260 2079 1435 2136 Templo
1467 2078 1751 2125 Mutinenfium
1777 2084 1851 2127 mi·

283 2136 475 2177 nistranda
506 2135 541 2178 se
572 2134 607 2177 se
638 2137 897 2179 Fraternitate
917 2135 1019 2179 inita
1039 2138 1298 2192 obstrinxere,
1327 2140 1480 2182 circiter
1499 2143 1663 2184 Annum
1695 2145 1794 2196 980.

273 2253 310 2286 N
332 2252 454 2286 nomine
480 2251 613 2287 Domt'm'
636 2251 731 2294 nostri
746 2253 829 2298 Jesu
848 2253 985 2296 Cbrt'ftt‘.
1019 2256 1047 2290 E
1091 2254 1125 2288 1'n
1154 2255 1300 2299 sanHum
1335 2257 1554 2302 Paradisum:
1589 2258 1635 2297 &³
1671 2259 1731 2306 iplz'
1764 2260 1848 2294 omm‘

299 2304 413 2349 Incipit
440 2304 565 2337 nomina
602 2304 744 2337 Virorum
779 2305 835 2339 ba:
863 2306 979 2339 Mulie-
1089 2318 1171 2340 anno
1200 2309 1264 2341 Deo
1290 2308 1468 2343 auxiliante
1495 2310 1547 2343 ho:
1577 2309 1675 2353 facere
1700 2309 1846 2351 similiter

229 2364 321 2391 mm,
361 2353 416 2399 qui
455 2365 510 2400 pro
546 2353 609 2389 Dei
644 2354 751 2388 timore
787 2354 833 2393 ὠ·
869 2355 987 2397 Christi
1086 2358 1294 2402 promittunt.
1331 2361 1444 2395 Petro.
1473 2361 1643 2404 Jobanne.
1679 2359 1843 2401 Lausum—

230 2414 330 2436 amore
354 2406 503 2438 dederunt
527 2404 646 2451 singuli
671 2406 826 2440 Denarios
850 2417 907 2452 pro
937 2420 981 2440 re·
1087 2420 1137 2443 ω.
1178 2409 1354 2444 Mirabilia
1378 2435 1387 2444 .
1427 2410 1622 2445 Adhetberto
1641 2435 1650 2444 .
1690 2411 1841 2451 Rustico.

230 2452 403 2498 dempu'one
430 2456 605 2489 animarum
636 2455 765 2500 suarum
795 2456 828 2489 in
859 2457 977 2493 Lumi>
1088 2461 1369 2506 Bonumtempure.
1398 2462 1561 2494 Rolando.
1590 2463 1685 2498 Αἶα.
1712 2462 1844 2495 Ardia-

232 2502 328 2538 naria
348 2527 359 2542 ‚
399 2504 439 2538 ad
479 2504 750 2541 illuminandum
796 2507 980 2542 Ecclesiam
1082 2522 1141 2554 go.
1171 2510 1340 2553 Jobanne.
1368 2513 1521 2545 Andrea.
1550 2510 1734 2545 Everardo.
1760 2512 1843 2546 ,Ali-

233 2552 324 2593 Dei,
351 2563 387 2587 m
411 2566 511 2588 eorum
536 2556 659 2591 animas
694 2557 862 2591 inluminet
897 2561 982 2594 Deus
1056 2560 1206 2606 jvaldO.
1243 2561 1429 2605 Tanfreda.
1455 2561 1624 2605 johanne.
1662 2562 1842 2599 Wsaeltcrio.

1140 2611 1171 2643 X
1226 2622 1247 2645 2
1662 2611 1792 2655 sahm-
