2216 3100
317 235 402 282 609
523 222 890 269 DISSERTATIO
923 220 1626 281 QUADMGESJMATERTJA:
1739 231 1825 276 ἐἷο

253 287 326 335 post
353 285 440 323 illud
469 293 605 333 tempus
637 284 857 320 efformatum
887 282 1009 319 fuiffe.
1049 283 1085 319 A
1124 285 1202 318 xv.
1238 282 1272 317 &
1309 283 1380 331 ipse
1422 283 1544 320 anaor
1581 284 1653 329 est‚·
1688 283 1885 336 Aug-muni

253 339 361 373 Porro
388 334 533 379 audisti,
562 335 648 370 hanc
680 334 732 370 uti
768 335 902 381 primam
933 347 1010 369 om-

253 387 350 422 niurn
381 385 498 422 aedem
526 398 545 421 a
572 384 705 421 Christi
739 384 899 421 fidelibus
927 397 1011 420 con-

253 436 412 472 structam
442 436 630 480 celebrari,
658 436 797 484 ejusque
833 434 1011 471 auctorem

253 486 388 522 disertis
412 486 525 522 verbis
545 485 711 522 affirmari
732 486 893 530 Caesarem
914 485 1011 520 osla-

253 537 406 576 vianum‚
435 536 568 572 scilicet
599 536 810 585 Augustum:
841 549 911 584 quo
943 535 1010 570 im-

253 596 393 635 perante
420 600 462 623 ex
502 586 678 632 puriffima
710 586 858 635 Virgine
895 585 1011 621 Maria

253 637 290 673 in
318 639 430 673 lucem
469 637 584 673 editus
612 637 657 673 est
694 637 761 672 Dei
799 635 909 671 Filius
938 636 1011 671 Sal-

253 697 356 723 vator
393 688 521 724 noster.
549 690 623 732 Jam
663 687 838 729 fabulam,
865 699 1011 734 eamque

253 738 466 782 immanem,
496 738 626 780 sentis,
656 737 693 773 &
732 736 868 772 fortasse
896 737 1008 772 rides:

254 788 472 825 aedificatum
502 786 667 823 videlicet
695 789 825 822 Romae
849 787 886 822 in
909 786 1011 835 ipsius

253 839 428 886 Capitolii
458 837 591 885 fastigio
627 838 841 885 Templum,
870 836 1011 872 Christo

254 902 293 925 ac
322 888 491 935 Deipaeae
530 888 683 931 sacrum,
711 887 816 936 idque
852 887 911 923 sub
940 887 1011 923 Im-

253 947 410 987 peratore
438 938 616 985 Augusto,
644 937 755 973 immo
783 951 824 973 eo
850 938 925 985 ipso
953 951 1013 975 cu-

253 999 370 1026 rante.
401 990 451 1023 At
480 988 639 1031 noveris,
667 987 830 1023 fabellam
858 988 946 1024 hanc
973 1002 1011 1024 o-

255 1040 320 1076 lim
343 1038 595 1073 disseminatam
617 1038 738 1087 fuifl‘e3
757 1038 896 1087 ejusque
917 1052 1013 1075 men-

255 1091 390 1127 tionem
428 1088 513 1124 fecit
540 1102 683 1136 magnus
723 1090 917 1126 Annalium
946 1093 1012 1126 Ec-

211 1170 215 1173 .
256 1139 517 1176 clefiasticorum
546 1153 664 1186 parens
688 1139 854 1176 Baronius
878 1140 916 1176 in
937 1143 1013 1189 Ap-

255 1201 375 1239 paratu
402 1203 495 1226 num.
522 1190 580 1226 26.
610 1190 847 1237 Nicephorum
875 1192 909 1226 &
936 1192 1014 1228 Sui-

255 1241 334 1276 dam
364 1253 579 1283 memorans,
608 1240 668 1287 qui
698 1243 806 1275 Aram
835 1241 872 1277 in
904 1242 1014 1290 Capi-

254 1291 347 1326 tolio
384 1290 530 1325 erectam
573 1290 615 1324 ab
653 1290 808 1336 Augusto
846 1292 1014 1339 tradunt,

253 1339 318 1378 hac
347 1339 578 1388 inscriptione
605 1337 761 1386 fignata:

334 1442 440 1476 ARA
469 1439 810 1475 PRIMOGENITI
837 1439 922 1474 DEt
933 1465 943 1475 .

256 1544 355 1578 Inter
391 1541 540 1578 Latinos
577 1539 787 1577 Godefridus
816 1540 1019 1578 viterbien-

257 1592 317 1631 fis,
342 1593 402 1639 qui
432 1593 572 1628 circiter
597 1595 740 1627 Annum
766 1591 896 1627 Christi
927 1595 1018 1628 MC·

257 1644 407 1680 LXXX.
435 1643 626 1688 scribebat,
653 1643 692 1679 in
728 1642 897 1678 Chronic.
927 1644 1019 1681 Part.
1061 1630 1095 1664 D

1037 1156 1088 1221 lc

1123 332 1328 369 consuluisse
1370 335 1542 380 Sybillam
1585 335 1723 382 (quum
1765 349 1884 378 tamen

1123 385 1221 420 nulla
1257 393 1341 419 tunc
1381 384 1418 420 in
1456 385 1550 422 vivis
1590 386 1726 431 sybilla
1766 387 1886 441 foret)

1125 448 1185 471 cur
1222 433 1359 470 Idolum
1391 434 1642 485 Capitolinum
1678 438 1857 476 corruisset
1871 454 1888 486 t⁶

1176 536 1319 572 Rettulit
1351 536 1410 571 illa
1420 549 1435 570 .·
1462 538 1524 572 Des·
1550 541 1637 574 Deus
1672 538 1715 582 est
1739 541 1777 575 de
1804 541 1892 577 Fla-

1279 587 1361 622 mine
1387 598 1481 623 natus
1496 614 1507 632 ‚

1180 637 1323 685 VirgIm's
1363 652 1399 673 ex
1434 649 1519 674 utero
1551 639 1621 682 fine
1651 641 1781 686 seminis
1824 653 1893 679 am

1281 698 1401 722 creatus
1415 715 1425 724 .

1127 739 1246 783 Quare
1264 738 1437 785 Augustus
1454 743 1589 774 Puerum
1609 741 1742 776 devotus
1758 743 1896 790 adorae;

1178 790 1273 824 Nunc
1298 793 1389 823 Aras
1415 787 1462 826 ἐφ’
1489 790 1583 825 thura
1615 802 1758 837 parans,
1784 794 1892 841 offerre

1281 837 1409 873 laborat
1423 865 1433 875 .

1232 888 1353 973 Primtxd
1369 892 1443 974 ἔξω
1478 890 1570 926 Caeli
1608 901 1681 927 tune
1716 892 1762 929 u'bt'
1797 894 1893 931 thura

1354 952 1367 973 e
1392 950 1419 975 tt
1435 966 1444 977 .

1130 1041 1249 1076 Habet
1275 1040 1383 1077 etiam
1411 1042 1634 1080 Bibliotheca
1660 1045 1804 1082 Estenfis
1829 1059 1892 1084 ve-

1130 1092 1257 1127 tustum
1279 1094 1579 1129 membranaceum
1596 1094 1768 1132 Codicem
1783 1121 1795 1137 ‚
1813 1100 1893 1133 An-

1131 1155 1177 1178 no
1203 1142 1333 1178 Christi
1369 1146 1665 1181 MCCLXXXV.
1697 1147 1891 1194 scriptum,

1130 1206 1174 1228 ex
1193 1206 1264 1240 quo
1288 1193 1379 1230 hausi
1402 1196 1588 1230 Memoriale
1607 1196 1797 1238 Potestatum
1823 1203 1893 1234 Rc-

1127 1244 1304 1290 gr'enfium,
1331 1258 1350 1280 a
1379 1258 1434 1280 me
1469 1246 1603 1282 editum
1640 1248 1760 1283 Tomo
1789 1250 1891 1285 VIII.

1132 1297 1260 1330 Rerum
1285 1294 1509 1331 Italicarum.
1535 1297 1590 1332 Ibi
1616 1299 1777 1344 qualibus
1805 1298 1891 1336 haec

1131 1344 1249 1379 eadem
1271 1344 1387 1382 fabula
1407 1347 1522 1382 verbis
1548 1357 1726 1391 narretur,
1748 1348 1786 1385 ἃ
1809 1363 1896 1397 qua-

1133 1393 1159 1428 li
1188 1395 1364 1428 coloribus
1392 1396 1486 1431 inita
1514 1397 1688 1445 imagine,
1718 1399 1892 1447 pictisque

1134 1441 1254 1487 figuris
1281 1442 1450 1489 Deiparae
1478 1445 1514 1479 in
1543 1448 1691 1483 nubibus
1719 1449 1892 1495 sedentis,

1136 1490 1194 1525 sub
1225 1490 1321 1538 cujus
1360 1493 1502 1538 pedibus
1539 1494 1625 1531 stant
1654 1498 1825 1545 Augustus
1853 1499 1892 1537 δε

1134 1540 1288 1586 Sybilla‚
1317 1542 1509 1590 legentium
1549 1546 1662 1581 oculis
1698 1549 1894 1596 repraesen-

1135 1601 1252 1634 tetur,
1285 1592 1494 1639 Leffiorem,
1522 1604 1561 1631 ut
1596 1605 1708 1645 puto,
1736 1599 1892 1648 accipere

1136 1656 1204 1678 non
1233 1641 1369 1691 pigebit
1386 1669 1396 1680 .

257 1770 320 1810 De
353 1767 540 1820 v³fione,
570 1780 688 1821 quam
720 1766 823 1810 vidit
854 1769 1096 1813 Ocstavianus
1138 1775 1356 1827 Imperator
1386 1771 1433 1814 de
1472 1775 1592 1815 Beata
1633 1774 1767 1817 Maria
1803 1780 1896 1820 cum

317 1825 474 1868 Christo
508 1824 591 1865 filio
623 1824 712 1880 su0,
744 1829 781 1868 &
817 1833 896 1870 Ara
928 1831 1041 1872 Caeli
1072 1844 1202 1887 aperta
1234 1832 1284 1872 est
1315 1832 1488 1887 precibus
1520 1835 1557 1874 δε
1587 1835 1836 1877 orationibus

377 1883 563 1935 Sibillae,
596 1885 660 1924 ubi
694 1887 904 1939 praedifiius
945 1890 1187 1931 ostavianus
1230 1893 1392 1931 Beatam
1438 1891 1644 1944 Virginem
1683 1896 1776 1935 Ma-

414 1941 515 1984 riam
547 1957 637 1983 cum
671 1945 849 1995 Christo,
880 1959 1077 1990 tenentem
1111 1948 1150 1989 in
1186 1947 1350 1988 brachiis
1383 1948 1584 1990 Christum
1616 1948 1746 1993 filium

565 2001 670 2056 ejus,
702 2002 801 2044 vidit
833 2004 873 2046 in
906 2021 1057 2048 camera
1091 2005 1272 2062 praedicti
1308 2006 1587 2062 Imperatoris,
1645 2049 1648 2055 ,

761 2062 827 2105 ubi
859 2093 1058 2108 ..........
1088 2066 1130 2107 in
1166 2062 1394 2122 Capitolio.

364 2195 494 2238 Empore
518 2192 676 2240 praedifii
707 2194 883 2230 offa-viani
918 2200 1018 2242 Impe-

386 2245 496 2278 ratoris
514 2248 676 2279 senatores
697 2247 837 2280 videntes
859 2261 926 2281 eum
946 2260 1015 2283 tan-

255 2304 306 2329 tae
341 2295 585 2339 pulcritudinis,
614 2296 695 2341 quod
731 2309 816 2329 nemo
852 2298 885 2331 in
923 2301 1017 2333 oculis

257 2343 326 2388 ejus
353 2346 468 2378 imum·
493 2356 632 2391 poterat,
663 2346 705 2378 (9¹
731 2356 840 2380 tantae
863 2350 1016 2394 prosperi-

257 2395 335 2428 tatis
364 2395 408 2433 ὅγ’
435 2396 539 2439 pacis,
563 2397 645 2442 quod
669 2406 766 2429 totum
793 2400 953 2433 Mundum
970 2400 1017 2441 fi·

259 2443 295 2480 bi
321 2445 521 2480 tributarium
554 2446 688 2489 fecerat,
714 2446 848 2481 dicunt:
874 2459 908 2485 te
935 2450 1016 2485 ado-

259 2508 335 2530 rare
364 2497 544 2536 volumus,
567 2496 651 2542 quia
678 2497 802 2533 Deitas
828 2499 872 2534 est
898 2500 935 2535 in
963 2511 1018 2537 te.

259 2545 299 2584 Si
333 2545 400 2583 hoc
436 2560 506 2584 non
543 2547 650 2590 effer,
687 2561 758 2585 non
794 2548 862 2588 tibi
897 2552 1017 2589 omnia

1060 2200 1107 2240 ΕΙ
1136 2196 1289 2233 subirent
1317 2197 1494 2248 prospera.
1524 2200 1593 2246 ,Qm'
1620 2215 1769 2247 renuens,
1796 2203 1894 2238 inlu-

1099 2247 1106 2276 ]
1135 2249 1196 2282 cias
1223 2248 1396 2294 postulavit
1409 2265 1430 2294 ‚·
1456 2253 1498 2286 Θ·
1524 2254 1566 2285 ad
1587 2252 1621 2297 se
1646 2254 1796 2288 sibillam
1825 2259 1895 2298 Ty-

1102 2287 1107 2331 l
1133 2299 1293 2335 burcinam
1328 2301 1476 2344 vocavit,
1504 2303 1576 2341 cui,
1613 2307 1694 2350 quod
1729 2307 1894 2340 Senatores

1132 2350 1300 2394 dixerant,
1325 2351 1490 2387 recitavit.
1515 2355 1607 2398 Quae
1628 2354 1769 2400 spacium
1797 2357 1893 2391 trium

1131 2401 1251 2435 dierum
1285 2403 1399 2447 petiit,
1433 2403 1466 2437 in
1502 2405 1612 2448 quibus
1649 2405 1768 2439 arHum
1803 2406 1893 2451 jeju-

1133 2451 1219 2485 nium
1245 2462 1370 2496 operata
1396 2452 1456 2495 est.
1486 2455 1557 2494 Post
1582 2455 1710 2489 tertium
1735 2458 1817 2490 diem
1845 2471 1896 2492 re-

1127 2500 1256 2545 spondit
1291 2504 1499 2547 Imperatori:
1525 2506 1606 2540 Hoc
1645 2519 1707 2555 pro
1734 2516 1831 2544 certo
1857 2520 1896 2550 es

1131 2551 1200 2593 rit,
1228 2553 1384 2590 Domine
1412 2553 1631 2604 Imperator.

1775 2611 1838 2654 3⁹¹·
