2216 3100
418 221 499 260 259

767 206 1138 266 ANTIQUIT.
1170 206 1312 250 MED
1327 207 1382 250 11
1408 207 1570 251 ARV]

357 262 438 297 culo
465 262 594 299 Christi
621 263 840 302 Undecimo.
877 269 998 316 Atque
1028 268 1112 302 adeo
1149 268 1193 313 A*

356 321 432 348 tum
461 314 544 357 ille,
572 324 647 351 tum
685 312 959 363 Papebrochius,
988 321 1111 353 Eccar-

356 363 444 407 dus,
473 365 505 399 &
535 365 620 405 alii,
649 366 895 406 Inscriptiones
927 369 1112 416 quasdam,

356 414 580 462 antiquorum
609 418 808 453 seculorum
840 420 1007 458 creditas,
1026 433 1111 454 non—

356 464 419 500 nifi
461 466 529 512 post
569 469 708 502 Annum
748 468 963 503 Christianae
1003 472 1113 504 Acrae

356 516 586 552 Mlllcfimum
605 518 777 553 confe&as
796 518 1002 561 statuerunt,
1020 520 1112 566 quod

354 567 526 602 Leoninis
571 568 728 603 Versibus
765 569 974 605 constarent.
1012 573 1112 616 Quae

356 629 432 652 mea
462 618 495 652 in
536 618 623 653 hanc
651 633 722 654 rem
762 619 930 655 sententia
966 620 1027 662 fit,
1056 621 1105 656 de-

355 668 463 716 nique
504 668 630 704 Lee‘cor
669 670 846 715 accipiat.
886 671 1005 706 Primo
1043 685 1107 707 cer-

354 726 430 754 tum
461 718 590 760 statuo,
621 720 812 763 Versuum,
841 735 926 768 quos
965 723 1114 756 Leoninos

354 768 492 816 antiqui
532 780 799 814 nuncunarunt,
829 785 890 806 nos
931 773 1015 809 Verri
1051 773 1111 807 Ri-

354 819 435 852 mari
470 820 705 864 appellamus,
742 821 939 867 originem,
969 822 1022 858 seu
1061 823 1097 858 in

355 867 560 902 ventionem
585 881 802 915 nequaquam
824 871 1042 907 tribuendam
1066 873 1109 908 es—

356 916 389 952 se
435 917 546 952 Leoni
589 918 673 961 illi,
711 918 766 953 seu
811 920 948 955 Leonio
992 924 1116 957 Poetae

357 966 560 1011 parisiensi,
597 970 629 1003 8<
671 968 849 1005 Monacho
888 970 1116 1005 Benediffino

354 1017 561 1054 Monasterii
600 1018 715 1053 Sansti
746 1019 925 1062 Vi&oris‚
954 1020 1013 1067 qui
1049 1020 1111 1056 cir-

356 1067 446 1104 citer
472 1071 613 1103 Annum
640 1069 769 1104 Christi
793 1072 946 1106 MCXC.
974 1069 1115 1112 floruit,

355 1118 411 1154 uti
440 1118 645 1154 censuerunt
686 1121 939 1168 Du-Cangius‚
970 1123 1117 1165 Jacobus

355 1168 589 1213 Perizonius,
618 1169 655 1206 ἃ
684 1171 764 1206 alii.
803 1172 1054 1208 Praecefferant
1082 1187 1115 1208 e—

355 1218 455 1259 nim,
492 1220 554 1267 qui
591 1220 791 1267 hujusmodi
831 1222 991 1258 Versibus
1030 1222 1114 1258 luse—

352 1279 458 1309 rant,
501 1270 570 1306 sive
616 1271 840 1317 Rhyfflmos,
884 1271 952 1307 sive
999 1271 1118 1309 Metra

357 1329 627 1367 componentes.
668 1323 801 1357 Deinde
838 1335 881 1357 an
918 1323 1014 1358 istam
1053 1323 1114 1358 sal-

356 1377 429 1406 tem
459 1368 673 1406 versificandi
711 1371 883 1406 rationem
917 1373 980 1408 ille
1007 1373 1112 1419 perfe-

357 1419 468 1463 cerit,
497 1420 669 1456 incertum
699 1422 809 1456 adhuc
834 1422 899 1456 effe
924 1424 1117 1458 contendo.

356 1471 444 1513 Sed,
472 1469 494 1505 fi
531 1471 672 1518 quidem
710 1471 860 1519 gloriam
897 1472 1051 1519 aliquam
1080 1472 1116 1507 in

356 1521 461 1556 illum
500 1520 656 1556 conferre
694 1522 866 1561 velimus,
893 1523 1031 1568 opinari
1069 1523 1118 1558 fas

357 1573 449 1613 erit,
488 1580 548 1606 aut
585 1571 627 1605 ab
664 1584 706 1607 eo
742 1573 982 1608 elucubratum
1021 1573 1119 1609 fuisse

358 1622 488 1656 Poema
516 1628 586 1655 tarn
627 1621 838 1658 concinnum
877 1622 915 1659 δε
952 1626 1118 1672 elegans,

359 1671 616 1718 verborumque
646 1671 707 1707 fibi
734 1673 887 1708 invicem
913 1674 1119 1723 responden-

359 1721 449 1756 tium
482 1732 652 1758 concentu
682 1723 865 1764 sonorum,
893 1734 932 1760 ut
968 1739 1054 1762 unus
1082 1726 1119 1762 in

361 1771 594 1806 admirarione
624 1774 749 1818 Populi
775 1773 884 1822 effet3
908 1785 967 1810 aut
992 1776 1039 1811 ita
1061 1790 1120 1812 eos

364 1820 488 1856 Versus
537 1822 777 1861 contexuisse.
824 1832 863 1858 ut
909 1838 1117 1873 quamquam

361 1873 505 1919 longum
535 1884 620 1914 opus
649 1871 864 1916 confecerit,
893 1873 928 1908 in
959 1875 1120 1913 clausulis

361 1930 478 1957 tamen
509 1921 677 1957 versuum
708 1932 908 1970 perpetuum
938 1926 1120 1972 ordinem,

363 1985 402 2007 ac
427 1972 582 2006 nmium
601 1974 708 2007 cadens
730 1974 873 2009 duarum
901 1977 1117 2020 Syllabarum

364 2022 576 2066 servaverit,
605 2023 696 2071 quod
735 2023 871 2059 fortasse
899 2038 1003 2061 nemo
1040 2038 1121 2064 anre

363 2085 442 2108 eum
480 2074 579 2119 plene
616 2073 726 2109 fuerat
763 2074 884 2110 ausus.
923 2077 1037 2118 Nam,
1082 2086 1120 2114 ut

364 2122 535 2172 praefatus
573 2123 667 2168 sum,
696 2124 852 2172 plerique
888 2135 1044 2163 veterum
1082 2128 1120 2164 in

367 2187 432 2210 una
461 2175 620 2220 Syllaba,
649 2175 860 2212 consonante
884 2189 961 2211 curn
992 2178 1121 2224 altera,

366 2234 574 2260 concentum
596 2225 731 2260 suorum
762 2225 1042 2271 Rhythmorum,
1062 2237 1122 2265 aut

365 2276 563 2311 Metrorum
607 2276 846 2313 collocarunt.
888 2277 1050 2325 Plerique
1086 2293 1120 2316 e-

366 2324 455 2360 riam
492 2339 560 2361 non
597 2326 634 2361 in
672 2325 740 2362 fine
777 2327 995 2375 geminorum
1034 2332 1122 2366 Ver-

366 2375 486 2416 suum,
514 2376 568 2412 sed
595 2376 632 2412 in
660 2376 735 2422 ipso
763 2377 870 2412 Versu
900 2378 1023 2426 (cujus
1051 2380 1121 2428 pri-

367 2439 462 2462 mum
503 2427 695 2463 membrum
732 2427 947 2476 subsequenti
984 2430 1120 2478 respon-

367 2476 500 2525 debat)
541 2477 628 2513 hane
674 2477 809 2515 aurium
850 2479 1123 2517 obleRationem

368 2527 608 2573 conquisiere.
643 2530 743 2574 Quae
788 2530 908 2566 omnia
953 2532 1126 2583 exemplis

371 2578 615 2615 confirmatum
644 2593 707 2616 en.

1148 2573 1162 2608 l

1198 2572 1211 2606 l

1835 217 1920 254 260

1267 268 1334 303 Sub
1371 266 1476 302 finem
1513 267 1627 303 Seculi
1655 281 1674 303 a
1710 266 1852 304 Christo
1889 276 1973 306 nato

1217 319 1313 353 Sexti
1356 317 1476 353 floruit
1517 318 1659 353 Sanss’tus
1702 317 1974 359 columbanus,

1217 370 1459 404 celeberrimus
1491 367 1552 403 ille
1583 367 1757 403 Bobiensis
1795 369 1972 405 Coenobii

1216 419 1416 454 institutor.
1453 419 1549 452 Inter
1585 419 1657 464 ejus
1692 421 1806 466 Opera
1844 420 1974 468 legitur

1218 469 1416 514 Rhythmus
1446 469 1483 501 de
1511 468 1659 502 Vam’nm
1695 470 1783 504 vitae
1812 469 1870 505 ubi
1902 471 1974 515 ple-

1216 528 1339 576 rosque
1376 525 1501 561 Versus
1539 520 1818 572 ὁμοιοτελέυτες
1860 528 1974 565 cerni-

1218 593 1311 614 mus.
1340 577 1504 623 Exempli
1533 578 1668 611 caussa.

1268 652 1503 701 Differenu'bus
1529 652 1633 688 vitam
1659 664 1738 686 mors
1765 652 1882 688 incerta
1902 653 1975 698 sur-

1319 705 1396 751 71¹th
1406 717 1421 739 »²

1266 760 1376 789 Omnes
1398 755 1563 801 superbos,
1590 766 1687 800 vagos
1722 765 1835 787 moeror
1867 753 1974 788 mortis

1318 806 1443 851 corripit
1469 804 1541 843 &aa

1268 857 1413 902 Plerique
1433 855 1561 903 perpeffi
1577 854 1656 900 sunt
1678 865 1845 901 poenarum
1869 853 1975 889 incen-

1319 906 1397 948 dia,

1271 955 1451 989 Voluntatis
1493 954 1630 987 lubricae
1675 955 1810 989 nolentes
1848 954 1978 998 dispen-

1321 1002 1374 1037 dia
1402 999 1474 1039 &c-

1222 1077 1391 1127 Reliquos
1426 1075 1584 1113 omitto.
1619 1076 1693 1120 Qui
1732 1075 1809 1112 sane
1844 1075 1867 1111 fi
1904 1075 1980 1113 Co-

1221 1130 1423 1166 lumbanum
1441 1127 1617 1163 weston-em
1641 1127 1767 1162 habent
1781 1155 1790 1167 ,
1806 1125 1981 1174 antiquis-

1221 1180 1336 1215 simam
1363 1180 1524 1223 praebent
1547 1176 1715 1212 Versuum
1743 1176 1903 1212 similiter
1923 1189 1980 1213 ca-

1219 1230 1375 1265 dentium
1419 1228 1589 1263 formam.
1639 1227 1694 1262 Sic
1736 1226 1828 1262 inter
1864 1228 1980 1274 Opera

1220 1282 1331 1316 Bedae
1375 1281 1538 1327 leguntur
1575 1276 1699 1312 Versus
1736 1278 1774 1310 de
1809 1279 1980 1323 Computa:

1219 1331 1359 1377 regulis,
1387 1329 1423 1365 in
1462 1328 1560 1375 queis
1592 1326 1792 1363 Leoninum
1831 1337 1981 1370 contens

1220 1391 1295 1417 tum
1324 1380 1440 1415 audis.
1471 1379 1605 1413 Priores
1633 1376 1809 1424 accipito:

1270 1453 1464 1488 Adventum
1501 1448 1633 1486 Domim‘
1669 1462 1729 1483 non
1756 1450 1797 1491 est
1830 1451 1980 1486 celebrare

1322 1500 1484 1538 Deccmbri

1270 1552 1344 1595 Post
1369 1562 1472 1586 ternas
1497 1553 1628 1590 Nonas,
1653 1562 1748 1597 neque
1770 1549 1898 1596 quintas
1919 1565 1982 1586 an-

1321 1612 1351 1638 te
1378 1601 1541 1637 Kalendas
1570 1601 1642 1639 &c.

1222 1677 1285 1715 Sed
1313 1678 1344 1713 &
1375 1676 1517 1712 Saleius
1554 1673 1758 1710 Bonifatius
1792 1676 1982 1724 Mogunti—

1223 1743 1284 1765 nus
1308 1726 1498 1775 Episcopus
1519 1724 1554 1760 ἃ
1585 1727 1745 1770 Martyr‚
1767 1725 1862 1773 supra
1890 1726 1980 1762 mihi

1223 1779 1403 1819 laudatus,
1431 1777 1468 1812 in
1498 1775 1649 1820 Epistola
1680 1776 1811 1822 prima,
1840 1777 1981 1812 circiter

1225 1832 1367 1866 Annum
1398 1828 1611 1862 DCCXxx.
1630 1825 1821 1872 conscripta
1843 1826 1982 1871 Rhyth-

1224 1893 1317 1916 mum
1357 1877 1506 1922 effudit,
1544 1875 1704 1912 consonis
1745 1876 1891 1913 vocibus
1926 1875 1981 1913 di-

1224 1930 1408 1967 stinffium:

1354 2009 1385 2040 V
1385 2006 1432 2040 ale
1455 2005 1555 2048 frater
1573 2004 1763 2049 florentibus

1342 2056 1535 2102 Juventutis
1562 2068 1629 2089 cum
1654 2054 1799 2094 viribus,

1353 2110 1394 2141 Ut
1420 2106 1531 2149 florens
1558 2119 1625 2140 eum
1656 2104 1786 2138 Domino

1350 2157 1389 2189 In
1411 2156 1597 2198 fimpieerno
1618 2155 1697 2197 solio
1723 2153 1796 2192 &cu

1225 2233 1319 2267 Tum
1348 2229 1384 2264 in
1425 2228 1577 2268 Epistola
1606 2229 1664 2274 69.
1692 2227 1861 2263 Carmina
1898 2240 1984 2275 qua-

1227 2291 1306 2317 tuor
1325 2279 1472 2327 ejusdem
1496 2276 1711 2318 referuntur,
1732 2278 1882 2326 geminis
1905 2293 1981 2314 ver-

1227 2332 1314 2367 fibus
1341 2330 1444 2365 simili
1475 2329 1558 2364 sono
1586 2328 1896 2374 respondentibus,
1926 2329 1981 2366 sed

1228 2383 1278 2418 ita
1307 2390 1365 2425 ut,
1394 2393 1602 2426 quamquam
1641 2378 1710 2415 fere
1746 2379 1877 2428 semper
1912 2384 1984 2416 Da-

1229 2433 1342 2477 {stylus
1371 2430 1514 2466 Versum
1545 2429 1702 2473 claudat,
1731 2430 1816 2465 duae
1844 2433 1984 2468 tantum

1230 2482 1416 2531 postremae
1444 2482 1602 2526 Syllabae
1629 2480 1759 2517 ssmiles
1786 2480 1872 2517 fint.
1900 2485 1983 2531 Spe-

1231 2533 1345 2571 cimen
1373 2531 1530 2582 profero:

1841 2585 1935 2620 Sum-

2203 1024 2213 1186 „‹-w-—›—->„
