2216 3100
427 282 503 320 151
759 268 1140 326 ANTJQJMT.
1180 266 1392 309 MEDII
1427 267 1586 311 AEVI
1840 287 1917 327 132

366 336 468 370 quem
500 322 647 360 titulum
674 324 816 363 circiter
842 341 880 363 ea
907 338 1063 377 tempora
1092 328 1120 364 is
1140 328 1187 362 ,A
1223 324 1294 360 riae
1321 325 1486 363 Gaufredi
1513 329 1743 368 Mamertae,
1779 327 1817 363 in
1852 330 1987 365 eodem·

365 373 515 418 arripuit
537 400 547 410 .
594 377 641 411 Et
681 378 790 413 Anno
839 378 981 424 quidem
1026 381 1118 415 MC-

365 424 515 459 XXXH.
558 426 758 474 Rogaius,
805 428 886 463 teste
926 430 1119 474 Anonymo

363 472 539 509 Cafinenfi
559 502 568 517 ‚
597 476 732 523 potitus
768 477 812 512 est
849 478 982 512 Barenfi
1011 478 1114 514 Civi-

362 531 456 559 tate.
488 526 600 559 Immo
627 526 748 561 eodem
778 529 907 566 Anno,
935 536 974 562 ut
999 528 1120 564 anaor

362 572 408 607 est
436 574 540 609 Falco
566 576 851 615 Beneventanus,
879 578 1050 624 Populum
1074 579 1112 614 il-

362 622 435 657 lurn
467 624 693 660 vacillantem
721 625 758 660 in
787 625 854 661 fide
877 628 1029 672 recepit,
1056 642 1116 664 no-

362 672 503 719 lensque
532 687 608 708 eum
637 677 834 719 exacerbare,
863 676 1046 723 quibusdam
1071 692 1117 713 eo-

362 735 431 756 rum
458 724 682 767 petitionibus,
710 727 857 770 prudenti
880 727 1003 768 consilio
1026 728 1116 772 usus,

360 772 529 813 consensit.
568 775 751 822 Leguntur
779 787 891 812 autem
921 777 958 812 in
986 778 1115 814 Charta
1139 776 1141 779 ’

360 820 578 869 Ughelliana
608 824 690 860 haec
720 827 845 861 verba:
875 829 971 873 ,Quod
992 828 1021 868 [ι’
1048 832 1111 863 Βο-

361 873 467 906 minus
496 878 568 908 Rex
593 877 752 909 Taneredo
777 876 854 921 filio
875 880 951 920 sue,
978 879 1031 912 vel
1057 880 1118 914 alii

352 920 497 965 filiarum
532 923 624 968 ejus,
664 925 839 960 Civitatem
875 931 995 962 Rarum
1024 931 1113 963 dede-

359 973 400 1006 rit
429 974 497 1007 &a
524 976 643 1023 Atque
667 975 749 1010 hinc
772 977 1003 1013 emendandus
1025 980 1114 1014 Roc-

358 1021 442 1057 chus
487 1024 602 1060 Pirrus
628 1052 638 1068 ‚
689 1027 933 1062 celeberrimus
979 1028 1114 1074 alioqui

360 1073 518 1119 Scriptor
544 1075 706 1119 Siculus,
743 1076 804 1123 qui
840 1077 877 1110 in
913 1077 1113 1112 Chronolo·

358 1121 414 1169 gia
446 1125 578 1171 Regum
600 1125 762 1165 Siciliae,
790 1138 993 1160 enumerans
1020 1125 1114 1162 filios

358 1173 503 1220 Rogerii
542 1175 569 1209 Ι.
607 1173 710 1221 Regis
732 1201 742 1218 ‚
789 1187 859 1210 non
895 1175 1007 1211 solum
1042 1190 1114 1212 non

356 1223 528 1270 agnovit,
567 1223 622 1259 sed
658 1224 780 1272 rejecit
805 1227 1021 1266 Tancredum,
1057 1226 1114 1262 in-

357 1271 504 1319 quiens:
533 1275 677 1309 Addunt
703 1275 848 1309 nonnulli
873 1276 954 1309 male
977 1279 1110 1311 Tancre-

355 1324 429 1357 dum
457 1324 538 1357 Bari
564 1324 761 1369 Principem.
791 1325 904 1370 Atqui
942 1324 979 1360 in
1016 1338 1111 1374 prae-

357 1381 550 1408 memorata
585 1372 720 1408 Charta
759 1373 979 1410 disertiffime
1014 1388 1110 1411 com-

356 1433 570 1458 memoratur
609 1426 789 1458 Tancredus
825 1425 958 1470 Rogerii
994 1424 1111 1467 filius.

355 1472 514 1508 Accedat
539 1474 573 1508 ὃ(
606 1474 806 1509 Alexander
832 1475 952 1509 Abbas
980 1474 1109 1510 Telesi-

353 1535 441 1564 nus,
481 1523 541 1569 qui
569 1521 658 1571 Cap.
699 1523 866 1568 postremo
902 1523 1042 1560 Libror.
1069 1525 1111 1561 de

354 1572 444 1607 Gest.
473 1573 637 1620 Rogerii‚
673 1575 793 1608 Tomo
822 1576 866 1609 V.
895 1576 973 1610 Rer.
1010 1575 1109 1610 Itali-

354 1635 422 1658 ειν.
464 1622 505 1657 de
546 1622 621 1668 ipso
659 1625 752 1671 Rege
788 1623 929 1660 circiter
964 1627 1108 1661 Annum

352 1673 580 1708 MCxxxV.
610 1672 693 1708 haec
719 1673 924 1710 adnotavit:
954 1678 1042 1710 Duos
1068 1676 1109 1709 h·-
1147 1661 1182 1695 D

353 1724 438 1757 beros
468 1723 541 1766 suos
566 1726 611 1757 ad
636 1723 799 1758 Militiam
833 1726 989 1770 promovit
1005 1752 1015 1768 ,
1043 1730 1110 1760 Ro-

350 1772 473 1818 gerium
503 1772 624 1816 seilicet
660 1775 797 1818 Ducem,
833 1772 880 1812 &¹
916 1777 1112 1809 Tancredum

356 1822 523 1865 Barensem
551 1823 743 1870 Principem.
771 1826 826 1859 Ac
863 1824 1008 1872 proinde
1035 1834 1109 1860 tum

356 1871 446 1919 apud
484 1873 646 1912 Pirrum,
682 1882 756 1908 tum
794 1873 832 1909 in
869 1875 1005 1910 Arbore
1041 1877 1110 1910 Ge-

354 1921 535 1972 nealogica
569 1922 760 1972 praepositi
785 1937 805 1960 a
839 1923 956 1961 Suriti
990 1924 1110 1961 nist·-

1225 377 1342 410 Torno
1370 379 1412 411 V.
1444 380 1523 412 Rer.
1551 379 1702 414 Italicar.
1731 378 1903 415 addendus
1930 380 1976 416 est

1223 428 1399 460 Tancredus
1435 427 1517 469 iste,
1552 429 1648 475 cujus
1683 428 1790 463 etiam
1819 442 1888 464 non
1925 429 1976 465 se-

1224 476 1291 510 mel
1320 477 1535 511 mentionem
1563 476 1647 512 fecit
1676 479 1888 515 Romualdus
1917 482 1976 515 Sa-

1223 525 1414 561 lernitanus
1428 531 1464 562 in
1476 526 1660 562 Chronico
1671 530 1790 563 Tomo
1802 531 1974 567 V11.Rer.

1224 575 1452 616 Italicarum,
1482 590 1521 611 ac
1553 577 1733 625 praecipue
1759 579 1801 613 ad
1831 582 1976 615 Annum

1222 626 1410 661 Mcxxx.
1449 626 1583 662 Mirum
1621 638 1743 670 certe,
1778 628 1858 675 quei
1896 630 1973 666 heic

1222 675 1443 722 cespitaverit
1472 676 1631 712 Rocchus
1661 679 1803 719 Pirrus,
1841 679 1902 725 qui
1937 692 1974 715 e-

1224 724 1309 760 tiam
1342 725 1502 764 fallitur,
1530 740 1637 772 quurn
1665 727 1897 774 Amphufium
1925 730 1976 763 al-

1221 784 1332 810 terum
1363 776 1506 824 Rogerii
1534 776 1647 812 filium
1673 777 1870 821 recensens,
1900 779 1977 813 lub-

1221 825 1298 859 dit:
1341 839 1429 872 quem
1465 827 1548 870 salso
1590 828 1789 873 Alphansum
1831 829 1974 873 appellat

1221 875 1351 911 surita.
1381 878 1495 911 Immo
1516 876 1607 912 nihil
1630 877 1726 913 aliud
1754 877 1823 912 fuit
1842 878 1975 921 Ansus.

1220 924 1369 967 dasem,
1397 927 1429 960 δι
1458 926 1617 970 Anfufius
1653 928 1742 976 aupd
1769 927 1945 975 Hispanos
1963 954 1973 972 ,

1221 975 1323 1021 quam
1365 977 1549 1021 alphonsus
1572 1003 1581 1011 .
1628 980 1714 1012 Rem
1756 979 1974 1024 exploratam

1221 1024 1312 1058 nihil
1339 1038 1425 1072 opus
1461 1025 1506 1059 est
1541 1027 1711 1073 exemplis
1748 1027 1975 1064 confirmare.

1223 1072 1339 1107 Redeo
1366 1073 1407 1108 ad
1436 1073 1534 1120 paEla
1566 1075 1762 1110 Barenfium
1779 1099 1789 1114 ,
1816 1077 1877 1111 ubi
1904 1079 1977 1112 Ro-

1221 1122 1334 1169 geriut
1361 1122 1445 1158 haec
1481 1123 1663 1171 pollicitus
1700 1124 1858 1160 dicitur:
1895 1128 1977 1159 Fer-

1221 1185 1289 1206 rum
1314 1186 1476 1208 caccavum
1491 1199 1502 1217 ‚
1535 1184 1697 1220 pugnam,
1733 1186 1848 1221 aquam
1881 1174 1976 1210 vobit

1221 1235 1281 1255 non
1303 1221 1482 1267 judicabit,
1509 1224 1563 1257 vel
1581 1223 1722 1270 judicari
1741 1224 1857 1268 faciet.
1884 1224 1977 1261 δαὶ·

1221 1271 1283 1306 be:
1312 1274 1464 1311 Ferrum,
1491 1286 1663 1313 cacavum,
1690 1273 1756 1309 hoe
1784 1273 1850 1317 est,
1878 1287 1976 1310 caca-

1221 1321 1302 1356 bum
1331 1321 1399 1357 five
1425 1322 1626 1357 Caldariarn
1653 1322 1723 1359 &c.
1760 1323 1866 1359 Idest:
1907 1325 1975 1360 Ba-

1220 1370 1331 1407 renses
1352 1384 1528 1418 nunquam
1550 1374 1739 1421 compellet
1759 1373 1801 1408 ad
1828 1373 1975 1410 subeun-

1219 1421 1300 1456 dum
1329 1420 1504 1465 judicium
1532 1423 1624 1456 Ferri
1649 1424 1832 1467 candentis,
1858 1427 1975 1470 Aquae

1213 1471 1391 1515 ferventis,
1415 1472 1653 1507 monomachiae
1665 1500 1674 1516 ,
1694 1472 1741 1511 «ἐφ’
1760 1477 1877 1519 Aquae
1896 1477 1928 1509 F
1930 1475 1976 1508 νὶ-

1216 1521 1332 1566 gidae.
1359 1522 1413 1554 Ex
1441 1520 1495 1555 his
1522 1521 1717 1570 intelligis,
1745 1524 1853 1557 Anno
1881 1526 1976 1559 ΜΕ-

1222 1571 1369 1605 xxxn.
1389 1570 1544 1605 nondum
1566 1570 1735 1607 sublatam
1759 1572 1857 1608 fuiffe
1878 1586 1976 1620 pror-

1220 1620 1272 1655 sus
1299 1619 1469 1668 ejusmodi
1503 1621 1723 1664 Judiciorum
1750 1622 1974 1661 consuetudi-

1219 1683 1323 1710 nem,
1359 1670 1641 1718 quandoquidem
1679 1672 1831 1709 Barenfis
1860 1675 1976 1712 Ponu-

1218 1722 1271 1756 lus
1308 1720 1340 1756 se
1367 1721 1410 1755 ab
1445 1720 1490 1756 iis
1525 1720 1719 1758 immunem
1757 1721 1874 1771 cupit.
1903 1725 1975 1759 Ve-

1219 1772 1295 1807 rum
1316 1784 1384 1819 epar
1409 1770 1455 1806 est
1481 1771 1643 1812 credere,
1669 1785 1741 1808 non
1768 1772 1901 1808 diutius
1927 1773 1975 1808 il-

1219 1822 1253 1857 la
1293 1820 1448 1857 stetisse:
1491 1822 1635 1858 illorum
1676 1822 1771 1857 enirn
1810 1823 1972 1871 exempla

1218 1873 1341 1907 Seculo
1378 1871 1598 1921 subsequenti
1641 1884 1861 1922 nequaquam
1907 1883 1971 1917 ος-

1217 1930 1385 1961 ‘Insunt-

1851 2625 1930 2670 DE
