2216 3100
411 269 494 315 607
764 253 1139 311 ANTIQUIT.
1169 253 1382 296 MAEDJJ
1410 253 1572 296 ARV]
1827 257 1910 297 608

354 327 428 354 tam
457 317 492 351 in
531 314 603 352 finu
632 314 691 351 suo
730 315 846 350 dolere
876 315 993 350 consta
1022 313 1113 348 fuit.
1135 314 1184 349 ’A
1213 312 1270 347 cio
1296 311 1478 355 oboritur,
1503 312 1651 348 εοῐιῇἕὶα
1677 312 1761 348 haec
1788 322 1848 348 aut
1875 312 1967 348 som-

355 370 450 406 Nam
472 375 578 411 tunc,
601 366 683 402 idest
710 365 865 401 barbarie
890 379 948 412 per
973 365 1113 399 Italiam
1190 363 1309 410 gniata
1336 376 1354 398 a
1381 363 1602 410 posteriorum
1627 372 1823 411 temporum
1850 363 1967 399 homi-

356 417 501 456 diffusa,
529 430 670 464 erupere
707 416 782 452 ac‘sta
819 415 970 452 fabulosa
1002 415 1111 449 Silve-
1190 411 1313 449 'nibus
1351 413 1471 457 fuisse,
1499 413 1580 449 dum
1618 414 1762 460 quisque
1799 414 1966 461 majorem

354 469 413 504 stri
441 467 551 503 Primi
580 469 708 515 Papae:
738 470 839 502 Draco
862 479 984 513 nempe
1010 464 1114 499 anhe-
1214 463 1379 500 Basilicae
1399 464 1475 499 suae
1497 464 1758 499 venerationem·
1783 472 1966 512 procurat,

354 520 423 556 litu
452 517 511 553 suo
541 519 672 553 Urbem
711 517 865 557 vastans,
893 515 929 552 &
968 517 1010 550 ab
1040 514 1115 563 ipso
1213 523 1272 549 aut
1300 511 1526 562 antiquorum
1556 523 1780 549 monumenta
1819 527 1880 562 pro
1909 514 1968 549 suo

354 568 531 605 Pontifice
568 568 605 604 in
636 581 806 605 carcerem
845 566 1047 616 conjeRus3
1077 564 1114 600 ἃ
1213 564 1357 612 ingenio
1393 567 1667 612 interpretatur.
1703 566 1766 600 Sed
1803 563 1895 600 hisce
1930 577 1967 599 e-

350 621 437 667 lepra
476 619 700 656 Constantini
736 618 888 667 Magni3
926 616 964 653 δε
1002 616 1116 651 infan·
1213 617 1364 663 xemplis
1402 617 1548 651 alterum
1586 628 1657 650 non
1695 616 1771 650 leve
1810 614 1968 650 additum

352 671 445 707 tium
468 670 604 718 sanguis
640 670 676 706 in
704 671 880 705 lavacrum
919 667 1021 715 ipsius
1059 667 1114 701 de—
1193 666 1317 716 ¹volo.
1353 665 1502 702 Celebre
1538 666 1575 701 in
1614 665 1712 701 Urbe
1752 674 1888 700 aeterna
1925 664 1970 699 est

350 721 525 765 stinatus‚
553 720 589 756 &
619 720 768 769 ejusdem
799 718 974 766 Principis
1001 717 1117 763 Bapti-
1192 717 1404 763 ‘Templum
1442 717 1479 751 in
1508 716 1716 763 Capitolino
1753 717 1842 751 colle
1876 714 1969 750 anti-

349 773 421 817 sma
448 774 581 807 Romae
609 771 812 817 peraestum3
841 771 874 803 8<
909 771 1016 812 Imago
1042 767 1115 800 sal·
1142 765 1187 801 [B
1214 765 1332 811 quitus
1370 766 1620 805 consti-uelum,
1649 777 1752 813 atque
1790 766 1826 801 in
1859 764 1970 800 hono-

351 822 475 857 vatoris
502 822 537 856 in
573 820 705 866 pariete
741 817 900 865 depifila,
929 828 1016 862 quae
1046 816 1113 849 Po·
1193 825 1285 849 ‘rem
1331 815 1499 861 Deiparae
1542 819 1617 850 Deo
1657 817 1839 859 dicatum,
1877 814 1971 862 quod

353 873 440 920 pulo
469 874 629 905 Romano
658 878 742 903 tunc
769 866 959 914 apparuisse
988 864 1116 900 fertur.
1215 877 1306 899 nunc
1346 865 1513 899 excolunt
1561 865 1805 911 religiofiffimi
1852 867 1969 900 Patres

351 919 531 957 Emersere
553 920 682 968 pariter
706 917 893 953 Marcellini
918 920 1025 962 Papae
1044 916 1112 961 lap·
1217 914 1376 950 Minores
1413 914 1667 961 Observante33
1706 913 1826 961 ibique
1862 915 1969 949 etiam

346 972 401 1018 sus
415 984 433 1014 ‚¹
459 971 493 1006 δ(
531 970 706 1004 Concilium
742 965 970 1013 Synveffanum
982 980 1002 1009 ;
1029 966 1115 1001 alre·
1192 948 1455 1026 ‚Sanstiffimae
1483 963 1642 1012 Virginis
1670 963 1787 1011 imago
1804 991 1814 1007 ‚
1842 976 1860 998 a
1888 965 1971 998 San-

353 1035 501 1068 rumque
529 1020 702 1055 Concilium
739 1023 917 1054 Romanum
955 1016 1014 1051 sub
1043 1029 1114 1051 me·
1217 1015 1275 1050 &0
1306 1017 1421 1058 Luca,
1447 1025 1485 1050 ut
1513 1015 1641 1053 fertur,
1666 1013 1802 1061 depiGta
1832 1012 1970 1049 visitur.

352 1083 492 1109 morato
534 1073 624 1119 Papa
661 1069 846 1108 Silvestre,
874 1066 910 1103 &
949 1065 1111 1103 Catholi-
1221 1067 1384 1101 Proxime
1413 1064 1608 1113 praeteritis
1636 1063 1759 1108 annis,
1786 1064 1865 1099 dum
1899 1065 1972 1111 eju·

354 1136 474 1159 corum
494 1125 633 1158 Parrum
653 1121 838 1167 Difpvgtatio
858 1131 935 1154 cum
953 1116 1113 1165 Judaeis;
1220 1115 1311 1151 sdem
1341 1116 1452 1151 sacrae
1480 1115 1588 1150 Aedis
1624 1115 1779 1150 odaeum
1808 1115 1973 1149 effodere-

355 1173 394 1210 &
436 1172 619 1221 singularia
661 1169 821 1219 prodigia
859 1171 897 1204 de
933 1171 1115 1204 Inventione
1221 1175 1297 1206 tur,
1327 1166 1555 1214 pervetustum
1586 1164 1759 1200 Mufivum
1797 1164 1972 1200 detefi’tum

352 1225 461 1260 Crucis
490 1223 694 1259 Dominicae.
722 1224 845 1269 Longe
873 1219 980 1255 etiam
1009 1217 1115 1254 serius
1138 1212 1182 1249 C
1222 1217 1289 1257 est.
1318 1217 1412 1265 cujus
1441 1216 1589 1262 efiiynon
1628 1215 1911 1259 praeclarissimus
1938 1216 1972 1249 δι

354 1275 580 1322 excogitatae
608 1272 685 1308 sunt
713 1273 935 1317 Indulgentiae
971 1267 1116 1315 coneeffae

355 1327 398 1361 ab
429 1327 548 1361 eodem
588 1323 715 1360 saneto
752 1322 913 1357 Silvestre
952 1320 1116 1356 Bafihcae

353 1374 600 1420 Lateranenfi,
629 1374 665 1409 ἃ
696 1373 813 1408 Sanffl
842 1371 1027 1407 Sebastiani
1055 1383 1111 1404 ex—

353 1435 408 1463 tra
450 1439 585 1461 muros.
629 1427 727 1460 Haec
764 1425 995 1469 ignorarunt,
1031 1419 1114 1453 haec

354 1477 507 1512 minime
543 1474 715 1509 tradidere
753 1482 886 1505 veteres
917 1467 1085 1503 Historici
1105 1493 1115 1508 ‚

354 1527 416 1573 qui
445 1538 505 1560 cur
532 1524 616 1558 adeo
644 1519 803 1566 stupenda
842 1512 1142 1596 praeteriiffent‚'

351 1578 376 1613 fi
404 1589 441 1612 ea
469 1570 668 1610 novissent?
697 1569 786 1614 Justa
822 1568 967 1618 proinde
1005 1565 1111 1614 suspi-

1223 1268 1475 1315 antiquitatum
1510 1265 1760 1302 amantiffimus
1790 1265 1843 1301 vir
1873 1268 1975 1301 Pom-

1220 1319 1313 1365 pejus
1341 1318 1504 1352 Marchio
1543 1317 1771 1363 Frangepanis
1809 1329 1883 1351 aere
1916 1316 1973 1350 in-

1218 1368 1326 1402 cisum
1371 1367 1501 1413 publici
1540 1366 1624 1413 juris
1664 1365 1767 1400 fecit.
1806 1365 1895 1400 Illud
1931 1364 1970 1402 &

1218 1430 1304 1463 ego,
1329 1417 1456 1460 quippe
1482 1415 1518 1447 in
1545 1414 1741 1459 Ciampinii
1769 1415 1887 1449 Libris
1912 1415 1971 1450 de-

1218 1463 1398 1499 sideratum
1416 1487 1424 1501 ‚
1453 1463 1578 1498 inferre
1606 1463 1672 1498 huc
1702 1462 1821 1497 statui.

1189 1502 1195 1612 Ι
1267 1514 1373 1562 (dee
1400 1514 1557 1549 Tabulam
1576 1515 1751 1561 sequentem
1778 1516 1853 1560 FAg.
1880 1514 1932 1562 I.)

904 1678 957 1715 Hi
985 1675 1110 1714 Versus
1137 1675 1188 1712 ibi
1216 1676 1402 1725 leguntur:

395 1794 611 1832 LUMINIS
639 1791 786 1828 HANG
815 1790 1013 1826 ALVJAM
1041 1787 1234 1824 MATRIS
1262 1786 1351 1835 QVI
1380 1785 1589 1820 SCANDIS
1616 1785 1688 1820 AD
1716 1786 1926 1829 AULAM.

499 1868 831 1905 CUNCTARUM
862 1866 1020 1901 PRlMA
1049 1865 1151 1910 QVE
1182 1863 1299 1896 FUIT
1327 1863 1453 1896 ORBE
1483 1861 1623 1895 siTA:

397 1943 587 1982 NOSCAS
615 1943 759 1987 QVOD
786 1943 943 1976 CESAR
971 1941 1115 1975 TUNC
1143 1938 1360 1974 STRUXIT
1387 1936 1720 1971 OCTAVIANUS

497 2018 646 2055 HANG
674 2017 780 2052 ARA
807 2016 925 2051 CELI
952 2016 1115 2050 SACRA
1146 2014 1328 2048 PROLES
1357 2013 1471 2047 DUM
1503 2012 1671 2047 PATET
1699 2012 1771 2047 131.

394 2130 442 2164 Et
472 2129 548 2162 Ara
583 2125 723 2173 quidem
760 2124 852 2160 caela·
889 2137 907 2159 a
944 2123 1100 2171 pluribus
1143 2125 1188 2164 D¹
1215 2130 1288 2157 tate
1314 2121 1483 2158 constare.
1512 2122 1682 2157 Attamen
1719 2134 1826 2168 quum
1863 2119 1968 2157 innu-

345 2177 499 2216 saeculis
529 2178 701 2225 appellata
728 2175 772 2211 est
809 2174 899 2210 sacra
937 2174 999 2209 illa
1030 2177 1099 2209 Ae-
1129 2188 1133 2245 Ι
1215 2186 1307 2207 mera
1335 2172 1545 2216 inspexerim
1578 2182 1637 2207 aut
1673 2172 1882 2219 Epitaphia,
1910 2180 1971 2208 aut

345 2229 423 2265 des.
453 2230 536 2273 Quo
574 2237 688 2262 autem
727 2236 883 2273 ternpore
921 2224 1097 2260 Mufivum
1129 2250 1132 2262 .
1217 2223 1476 2270 Epigrammata
1504 2222 1690 2258 barbaricis
1719 2222 1870 2257 saeculis
1898 2225 1970 2258 Ro-

344 2279 432 2316 istud
459 2291 545 2326 opus
579 2277 629 2312 ibi
659 2275 762 2311 fuerit
789 2277 1033 2314 conlocatum,
1060 2288 1099 2309 0-
1130 2269 1133 2308 i
1217 2286 1291 2307 mae
1313 2273 1440 2319 posita,
1463 2272 1641 2307 Leoninos
1663 2272 1787 2306 Versus
1810 2283 1869 2307 aut
1891 2272 1969 2306 nul-

343 2328 458 2379 pinari
486 2327 627 2376 quidem
663 2326 774 2370 licet,
801 2326 980 2361 decernere
1019 2327 1100 2360 verb
1130 2313 1133 2361 Ῐ
1215 2324 1289 2365 los,
1317 2331 1375 2357 aut
1403 2321 1621 2369 pauciffimos
1647 2321 1757 2367 reperi
1786 2332 1865 2357 ante
1891 2324 1968 2357 An-

344 2392 416 2416 non
453 2380 558 2414 licet.
587 2378 764 2414 Leoninos
804 2376 925 2411 Versus
963 2375 1099 2411 additos
1217 2385 1298 2408 num
1327 2386 1345 2407 a
1373 2371 1513 2407 Christo
1539 2381 1623 2407 nato
1659 2372 1886 2408 Millefimum
1916 2372 1969 2408 ibi

344 2429 497 2465 senfisti.
533 2431 638 2475 Supra
674 2440 738 2476 ego
777 2427 814 2461 in
853 2426 1100 2461 Differtatione
1130 2454 1132 2459 .
1217 2423 1420 2471 usurpatos.
1450 2425 1567 2468 Quare
1604 2431 1682 2458 utut
1711 2435 1780 2457 non
1818 2435 1967 2470 negem,

342 2481 422 2517 XL.
451 2483 488 2514 de
523 2479 714 2523 Rbychmica
742 2480 840 2512 Veter.
877 2476 964 2511 Pe'si
989 2476 1099 2510 ossen-
1188 2496 1190 2501 ·
1216 2475 1300 2521 quin
1329 2483 1408 2508 ante
1435 2473 1536 2508 illum
1566 2476 1710 2508 Annum
1735 2472 1910 2508 Mufivum
1937 2473 1972 2509 i-

345 2530 403 2569 di,
429 2529 597 2578 ejusmodi
622 2540 811 2564 metrorum
837 2526 1099 2562 consonantiam
1129 2501 1132 2556 Ι
1215 2524 1286 2559 stud
1307 2524 1386 2559 strui
1414 2536 1479 2559 una
1506 2536 1582 2557 curn
1610 2522 1768 2557 Versibus
1795 2523 1969 2570 potuerit,

344 2582 472 2631 majori
500 2581 603 2628 quam
630 2580 737 2628 vulgo
762 2586 924 2628 putetur,
945 2577 1100 2625 antiqui·
1127 2557 1134 2616 l
1217 2574 1292 2611 veri
1335 2583 1452 2610 tamen
1490 2573 1582 2610 mihi
1615 2572 1762 2609 similius
1803 2574 1940 2610 videtur
1957 2599 1969 2618 ,

1848 2624 1922 2674 post
