2216 3100
396 233 477 272 299

744 218 1113 278 ANTJQUJT.
1144 217 1356 260 MEDJJ
1385 220 1550 264 AEVI

1820 239 1900 278 300

335 290 402 325 que
431 275 635 326 agnoscere,
662 276 867 314 Italicorum
898 282 1022 314 Vertus
1050 292 1092 313 ex
1131 282 1176 315 ΑΙ
1197 278 1431 327 Sannazario)
1457 279 1655 316 eorumdem
1684 279 1852 316 versuum
1884 281 1959 329 spe-

334 328 539 365 imitattone
568 326 775 364 Latinorum
816 329 1023 377 proceffiffe.
1054 329 1090 365 ld

334 383 419 416 verb
440 389 519 415 ante
542 380 641 414 illum
668 380 801 415 erudite
827 381 1008 416 adnotarat
1030 393 1085 415 no*

333 430 397 466 ster
423 430 677 473 castelvetrus,
705 429 742 466 &
770 432 915 474 Jacobus
945 430 1074 466 Mazzo

335 481 414 517 nius
451 482 532 517 Lib.
573 493 602 515 2.
639 482 725 529 Cap.
767 493 825 528 33.
862 482 899 516 in
937 483 1090 529 Apoleg.

335 534 506 567 Comoed.
545 532 690 567 Dantis.
721 533 824 566 Addo
861 545 946 580 ego,
976 545 1044 566 non
1073 545 1091 567 e

335 581 466 618 Mettis
494 584 654 626 tantum,
684 581 910 630 perfec'iisque
942 583 1088 618 Latino-

334 645 412 668 rum
443 633 602 669 Verfibus
622 661 632 676 ,
659 633 808 668 derivari
849 633 993 682 potuisse
1022 633 1093 669 Ita-

337 683 488 719 licorum
527 683 701 727 formam,
730 684 784 719 sed
819 689 926 719 etiam
965 697 1007 719 ex
1038 684 1085 718 in-

336 734 485 774 comtis‚
506 734 714 782 rudibusque
740 747 858 770 eorum
884 734 1092 780 Rhythmis.

335 785 412 828 Jam
440 785 538 831 supra
574 785 725 823 ostendi,
752 786 785 819 8<
823 786 922 820 nullo
950 785 1094 832 negotio

335 835 550 869 luculentius
588 834 761 869 ostendere
798 835 908 870 rursus
938 836 1064 883 poffem
1084 862 1094 878 ,

336 886 536 929 Rhythmos
565 884 714 919 Latinos
752 884 849 918 fuisse
887 884 1094 931 compositos

335 934 600 979 tetralyllabos,
638 934 892 981 pentasyllabos
932 935 998 968 &c.
1036 948 1094 969 eo-

337 984 419 1031 sque
455 986 559 1033 longe
595 995 676 1019 ante
713 993 871 1031 tempora
910 985 1093 1018 Poetarum

337 1035 616 1070 Provincialium
634 1061 642 1070 .
670 1035 733 1069 Sed
761 1035 830 1082 jam
869 1033 949 1069 satis
978 1034 1091 1080 supet·-

337 1099 404 1134 que
434 1086 636 1121 Differtatio
673 1084 732 1120 ista
770 1085 948 1121 excrevit.
977 1087 1094 1130 Quare

337 1149 442 1171 unum
493 1136 693 1184 persequar,
737 1135 882 1171 Versum
927 1135 1094 1171 videlicet

335 1188 698 1231 Hendecasyllabum
724 1200 794 1234 quo
823 1185 1036 1234 potiffimum
1060 1186 1094 1221 I-

334 1239 441 1273 talica
469 1238 575 1273 Poesls
601 1237 815 1280 deuel-atur,
838 1247 1094 1284 praeterquam-

335 1289 428 1336 quod
455 1295 542 1335 apud
564 1291 713 1323 Graecos
741 1288 773 1322 ὃ(
801 1287 949 1323 Latinos
973 1299 1093 1321 occur—

334 1339 402 1382 rit,
431 1352 449 1374 a
480 1337 771 1385 Rhythmopoejis
808 1337 914 1372 etiam
949 1350 987 1372 ac
1015 1338 1094 1371 Me-

335 1389 436 1424 tricis
480 1390 595 1424 Poetis
633 1389 811 1424 excultum
850 1387 974 1426 fuiffe,
1011 1386 1092 1421 dum

336 1439 514 1474 barbarica
542 1449 697 1486 tempora
727 1438 891 1472 fluerent.
922 1437 1017 1473 Inter
1044 1439 1089 1470 O·

336 1503 415 1537 pera
452 1490 638 1524 walafridi
677 1488 877 1530 Strabonis,
915 1487 1012 1535 cujus
1050 1486 1095 1521 est

335 1540 428 1574 fama
456 1540 601 1574 celebris
629 1539 721 1574 inter
751 1539 942 1583 Scriptores
979 1536 1093 1572 Seculi

335 1589 456 1629 Noni,
484 1589 613 1636 legitur
640 1588 788 1634 ejusdem
820 1587 876 1635 pia
902 1587 1051 1631 Oratio,
1076 1600 1095 1622 e

335 1653 403 1687 qua
431 1640 620 1674 nonnullos
649 1638 774 1673 Versus
802 1643 975 1686 decerpo:

1136 735 1165 769 Β

1122 1215 1123 1218 ¹
1134 1189 1167 1224 C

1134 1637 1168 1670 D

385 1720 411 1749 O
438 1729 537 1749 rerum
564 1718 656 1749 sator
682 1714 818 1748 omnium
846 1716 999 1748 tremende
1017 1740 1026 1757 ‚
1119 1679 1123 1800 Ι

385 1769 471 1801 Dum
498 1776 610 1809 poenas
638 1765 744 1799 Crucis
773 1765 915 1798 innocens
942 1764 1058 1807 luisti,-

387 1818 425 1851 In
453 1828 510 1863 quo
538 1816 586 1848 nil
613 1814 674 1854 nisi
700 1815 835 1858 repperis
870 1816 994 1847 ruinam
1021 1814 1093 1852 όἾῑ.
1119 1812 1122 1826 ¹

332 1891 373 1928 In
402 1890 455 1925 his
483 1903 552 1924 non
574 1890 710 1924 tantum
740 1888 863 1935 pedes,
886 1888 939 1923 sed
966 1887 1003 1923 ἃ
1030 1902 1092 1924 nu-

332 1954 465 1977 merum
495 1940 597 1975 habes
627 1939 918 1984 Hendecasyllabi
946 1938 1087 1975 Italici:

331 1993 425 2040 quod
450 1993 483 2026 δε
509 1990 686 2038 contingit
711 1990 747 2025 in
774 1990 973 2025 Horatiano
1000 1990 1087 2025 illo:

374 2071 404 2113 J
406 2080 457 2102 am
471 2066 550 2112 satis
568 2066 658 2100 terris
678 2065 765 2100 nivis
777 2093 786 2109 ‚
802 2076 894 2112 atque
913 2065 1001 2100 divae
1017 2063 1088 2103 &c.
1132 2088 1160 2121 E

330 2145 380 2179 Et
405 2140 572 2191 quoniam
602 2140 711 2177 Poesis
743 2141 851 2176 nostra
888 2154 951 2189 pro
978 2142 1088 2187 Spon-

332 2194 418 2230 daeo
445 2192 635 2238 Dafiylum
664 2192 824 2227 adhibere
852 2190 959 2240 potest
983 2190 1020 2225 in
1047 2190 1087 2225 fi-

331 2258 375 2280 ne
416 2243 614 2293 hujusmodi
661 2242 858 2281 Versuum‚
899 2240 960 2288 qui
1003 2249 1087 2276 tunc

330 2305 511 2342 propterea
544 2292 697 2329 evadunt
734 2289 1026 2337 Dodecasyllabi‚
1054 2304 1088 2326 e-

332 2345 462 2395 jusdem
499 2353 617 2379 tamen
653 2342 822 2391 temporis
859 2350 962 2390 atque
989 2342 1085 2376 Hen-

331 2394 566 2441 decasyllabi,
591 2393 763 2429 Sdruccioli
790 2392 914 2428 Italice
941 2405 959 2426 a
986 2392 1086 2426 nobis

331 2448 495 2494 appellati
536 2445 711 2493 (quorum
750 2444 933 2479 inventum
973 2441 1087 2477 nescio

330 2510 390 2533 cur
417 2495 588 2533 Varchius
615 2495 653 2532 in
689 2495 891 2531 Herculano
923 2492 1086 2529 tribuerit
1112 2506 1120 2539 ι

1197 329 1311 413 cbimen
1339 342 1382 364 ex
1409 329 1514 378 ipsius
1550 331 1737 367 walafridi
1773 331 1962 368 Carmini-

1222 391 1258 413 us
1285 393 1410 416 exero:

1250 456 1382 502 Legr'slis
1403 483 1412 499 ,
1440 457 1583 492 meminit
1609 458 1712 499 vestra
1733 458 1915 505 sagacitas.

1245 510 1299 541 At
1327 507 1434 540 multis
1461 518 1576 554 egomet
1596 509 1743 553 sordibus
1770 510 1884 549 obsitus

1249 559 1372 592 Donan'
1399 560 1528 592 veniam
1555 564 1641 593 credo
1664 559 1818 605 sagaciter
1844 560 1912 594 (9¹⁶.

1195 633 1284 669 Sane
1312 632 1349 668 in
1381 632 1473 669 hisce
1510 633 1734 681 antiquorum
1773 634 1956 670 Hendeca-

1198 683 1338 728 syllabis
1366 688 1442 719 τετὸ
1481 685 1712 732 deprehendas
1749 684 1958 719 collocatio-

1197 747 1274 768 nem
1311 745 1515 769 accentuum
1555 736 1732 782 (Posature
1767 747 1829 769 nos
1866 734 1955 770 dici-

1197 785 1296 831 mus)
1325 785 1362 819 in
1391 785 1548 820 Verfibus
1577 786 1711 821 Italicis
1738 784 1877 821 facilem
1903 794 1956 820 at-

1196 847 1262 880 que
1291 844 1485 882 patentem.
1517 839 1685 871 Attamen
1711 848 1817 883 quum
1847 834 1954 883 primi

1198 886 1324 919 Poetae
1362 887 1529 933 Vulgares
1569 886 1727 921 Verfibus
1770 898 1954 934 paucarum

1197 933 1405 979 syllabarum
1437 935 1615 982 praecipue
1643 949 1782 982 operam
1811 937 1955 975 darent,

1197 996 1236 1017 ac
1266 983 1375 1029 postea
1413 983 1559 1018 Versum
1598 985 1867 1031 conquirerent,
1898 987 1956 1022 cui

1198 1032 1334 1080 aliquid
1374 1033 1560 1081 majestatis
1588 1047 1630 1069 ex
1670 1035 1822 1082 plurium
1855 1035 1959 1080 sylla-

1198 1084 1318 1118 barum
1341 1083 1437 1120 cursu
1464 1084 1661 1124 accederet,
1685 1086 1819 1120 nullum
1842 1085 1958 1133 aptio-

1197 1147 1269 1169 rem
1292 1133 1457 1170 invenere
1474 1136 1577 1181 quarn
1595 1136 1931 1181 Hendecasyllabum
1946 1162 1957 1180 ,

1198 1184 1266 1219 five
1296 1185 1325 1219 is
1353 1198 1393 1219 ex
1423 1185 1555 1220 duobus
1595 1185 1813 1222 brevioribus
1845 1186 1959 1222 Versi-

1174 1234 1259 1269 ibus
1297 1234 1470 1269 confletur
1488 1263 1496 1278 ,
1527 1235 1593 1270 sive
1621 1236 1692 1271 alio
1728 1237 1850 1271 ordine
1877 1249 1956 1271 coa-

1174 1265 1322 1322 ilescat:
1354 1284 1450 1320 illius
1485 1297 1600 1320 autem
1638 1287 1838 1333 exemplum
1867 1286 1957 1333 apud

1173 1324 1459 1402 'Rhythmotum
1499 1337 1690 1383 Scriptores
1719 1337 1866 1371 obvium
1897 1338 1957 1372 ha-

1198 1386 1319 1420 buere.
1347 1388 1467 1431 Atque
1504 1386 1580 1420 heic
1622 1387 1754 1433 publici
1794 1387 1878 1434 juris
1906 1387 1957 1422 fa-

1196 1434 1291 1469 &um
1320 1436 1404 1468 volo
1434 1434 1651 1479 Rhythmum
1687 1436 1850 1470 haetenus
1878 1439 1955 1472 luce

1197 1492 1370 1518 carentem
1391 1511 1399 1525 ,
1429 1484 1525 1532 cujus
1562 1485 1779 1520 mentionem
1818 1485 1884 1521 feci
1919 1486 1958 1522 in

1198 1534 1447 1569 Differtatione
1485 1534 1510 1570 l.
1542 1541 1580 1569 cle
1616 1536 1742 1569 Ezreris
1779 1538 1955 1572 Gentibus.

1197 1587 1285 1619 Eum
1313 1584 1469 1630 descripfi
1497 1598 1560 1633 ego
1587 1599 1605 1619 e
1631 1585 1854 1621 vetustiffimo
1880 1586 1955 1621 Co-

1197 1635 1272 1670 dice
1289 1634 1394 1670 MSto
1411 1635 1571 1681 Capituli
1589 1634 1850 1671 Canonicorum
1869 1635 1956 1672 Mu-

1196 1685 1408 1721 tinenfium.
1450 1687 1542 1720 Tum
1591 1699 1679 1733 quae
1722 1687 1956 1734 praecedunt.

1196 1746 1272 1772 tum
1311 1735 1505 1782 antiquitas
1543 1735 1714 1777 Codicis.
1742 1736 1825 1772 satis
1862 1737 1957 1772 indi-

1196 1796 1300 1831 cant,
1341 1786 1452 1833 ipsum
1490 1785 1588 1821 fuiffe
1630 1786 1857 1834 compositum
1896 1787 1955 1823 sub

1195 1836 1340 1872 initium
1365 1836 1499 1872 Saeculi
1524 1835 1664 1872 Decimi
1689 1850 1706 1880 a
1727 1836 1869 1873 Christo
1897 1851 1958 1873 na-

1196 1896 1253 1922 to:
1293 1901 1364 1935 quo
1403 1896 1585 1935 tempore,
1622 1896 1660 1922 ut
1696 1886 1748 1922 ibi
1785 1887 1956 1935 praefatus

1195 1937 1292 1981 sum,
1320 1938 1481 1985 Hungari
1508 1947 1563 1972 tot
1590 1936 1828 1985 impreffiones
1859 1939 1895 1973 in
1923 1938 1958 1974 I—

1196 1988 1342 2032 taliam,
1370 1989 1403 2022 &
1437 1987 1636 2034 praesertim
1666 1989 1703 2024 in
1734 1988 1957 2024 Mutinenses

1195 2038 1327 2074 fecere.
1371 2038 1639 2084 Dodecasyllabi
1681 2038 1759 2074 sunt
1799 2038 1950 2083 Versus,

1195 2088 1249 2123 sed
1277 2091 1446 2136 temporis
1471 2090 1606 2124 ratione
1631 2089 1829 2136 computata
1853 2102 1949 2135 pares

1195 2139 1529 2184 Hendecasyllabis.
1567 2140 1662 2174 Inter
1703 2138 1793 2186 ipsos
1834 2148 1952 2174 autem

1195 2188 1358 2236 quosdam
1402 2188 1527 2223 sentias
1569 2189 1618 2222 ita
1659 2199 1870 2233 contextos,
1911 2197 1951 2225 ut

1195 2237 1403 2274 familiarem
1429 2237 1465 2272 in
1494 2238 1537 2272 iis
1562 2246 1735 2273 texturam
1762 2252 1801 2274 ac
1825 2238 1947 2274 sonum

1196 2288 1385 2325 nostrorum
1414 2287 1583 2323 Versuum
1613 2288 1866 2336 deprehendas.
1895 2289 1953 2326 Ad

1197 2340 1279 2375 haec
1319 2338 1442 2386 singuli
1471 2338 1595 2373 Versus
1633 2339 1766 2386 aliquid
1794 2339 1949 2376 Leonini

1197 2388 1413 2438 praeferunt,
1455 2402 1560 2436 quum
1590 2389 1627 2424 in
1656 2388 1758 2425 unam
1787 2389 1951 2425 eandem-

1198 2453 1264 2487 que
1289 2440 1467 2479 vocalem,
1497 2452 1535 2475 ac
1564 2439 1636 2487 pari
1670 2451 1863 2484 concentu,
1891 2441 1952 2477 de-

1199 2490 1326 2527 finant.
1354 2492 1413 2526 Tu
1440 2489 1718 2539 experimentum
1747 2490 1881 2527 facito.

1759 2590 1899 2638 Rhyth-
