2216 3100
416 242 496 283 559

765 233 1131 293 ANTJQJJT.
1161 231 1309 277 MED
1325 233 1379 276 11
1405 234 1568 280 ΑΕνι
1838 245 1921 295 360

353 284 422 320 lius
450 286 577 331 frater,
604 287 635 325 Is
662 289 813 328 Librum
841 293 978 336 Pastoris
1005 293 1112 342 scrip-
1153 293 1185 328 A
1222 294 1331 329 Paulo
1367 293 1574 342 suppositam
1611 296 1737 343 fuisse,
1775 310 1899 346 nempe
1934 298 1978 331 ad

353 335 423 372 fisse
472 337 638 376 dicendus
688 340 733 376 cst
778 342 921 380 circiter
964 346 1110 380 Annum

353 385 486 425 Christi
514 390 592 427 CL.
630 393 683 426 At
709 404 774 429 nos
809 393 906 442 supra
934 394 1111 434 vidimus,

351 435 482 485 Cajum
526 442 724 477 Romanum
769 445 1010 490 Presbyterum
1056 445 1111 482 vi-

350 487 437 524 xiffe
465 490 607 527 circiter
627 494 773 530 Annum
802 497 970 531 CXCVI.
997 495 1035 532 ἃ
1057 497 1110 532 ni-

350 537 402 573 hil
430 539 561 581 obstat,
589 543 676 590 quin
704 554 805 581 antea
843 546 926 581 haec
968 546 1109 593 scripse-

350 588 426 624 rit.
469 592 522 626 At
562 593 701 639 quando
742 595 930 645 fragmenti
971 597 1112 634 Aueror

350 638 512 680 testatur,
551 644 719 680 Hermam
756 648 942 694 Nuperrime
977 652 1109 692 Tempo-

349 690 436 725 ribus
475 693 598 734 Nostris
640 695 790 732 Librum
835 697 980 734 Pastoris
1024 712 1107 734 con-

350 740 531 789 scripsisse:
551 757 737 791 quemnam
755 748 988 795 opportunius
1004 750 1109 797 quam

350 791 508 827 eumdem
537 794 665 840 Cajum
694 796 883 842 fragmenti
918 798 1022 843 ipsius
1049 812 1107 845 pa-

350 850 482 877 rentem
509 841 607 877 fuiffe
630 844 822 890 conjicias?
844 847 1003 882 Tandem
1026 847 1109 883 scri-

350 892 403 926 bit
444 891 633 939 fragmenti
675 894 836 930 Αυᾶὶοττ
881 898 1110 943 Apocalypsim

348 942 443 974 etiam
470 942 637 987 Johanm‘s
664 944 707 978 Θ·
735 945 844 990 Petri,
880 950 1006 982 tamir-‘n
1034 948 1106 983 reci·

344 991 474 1037 pimus,
500 1005 594 1039 quam
630 994 760 1041 quidam
786 1011 823 1030 ex
850 997 958 1038 nestris
985 999 1048 1045 legi
1076 999 1109 1033 in

349 1041 488 1084 Ecclesia
515 1044 649 1081 nolunt.
689 1047 795 1083 Re&e
833 1047 916 1083 haec
952 1048 990 1084 in
1027 1049 1110 1095 Caii

347 1102 506 1142 tempora
534 1095 770 1134 conveniunt.
809 1098 976 1135 Eusebius
1012 1099 1108 1135 enim

347 1143 430 1179 Lib.
469 1157 502 1191 3.
539 1144 629 1194 Cap.
669 1160 728 1192 25.
756 1150 980 1196 Apocalypfim
1021 1151 1110 1184 Petri

348 1194 442 1229 inter
469 1195 592 1232 dubios
621 1198 763 1246 quidem
787 1201 913 1236 Libros
935 1201 1108 1245 recenset,

348 1257 419 1279 non
448 1254 566 1282 tamen
595 1249 721 1297 abjicit
753 1251 864 1286 veluti
903 1251 1107 1287 Haeretico—

347 1308 424 1331 rum
454 1295 608 1334 foetum.
647 1300 778 1336 Eodem
817 1315 956 1349 quoque
988 1302 1108 1337 testan—

348 1354 408 1390 te,
437 1349 602 1384 Clemens
628 1351 891 1387 Alexandrinus
919 1352 1035 1387 eadem
1061 1354 1109 1386 A-

351 1398 524 1445 pocalypfi
553 1399 597 1434 est
634 1401 733 1445 usus,
771 1414 840 1436 non
878 1401 970 1436 secus
999 1415 1036 1437 ac
1065 1405 1108 1436 E-

350 1446 471 1494 pistola
501 1450 700 1486 Barnabae.
740 1453 953 1486 sozomenus
983 1451 1112 1499 pariter

349 1510 414 1532 nos
451 1499 591 1534 monuit
626 1500 709 1536 Lib.
739 1512 771 1546 7.
801 1504 888 1546 Cap.
928 1513 984 1548 19.
1021 1501 1110 1535 hanc

347 1549 598 1595 Apocalypsim
653 1551 687 1583 in
735 1550 922 1596 quibusdam
966 1550 1111 1590 Eccleliis

1220 346 1479 388 Alexandrina,
1520 347 1616 395 cujus
1654 348 1770 385 nescio
1811 362 1854 383 an
1896 348 1977 396 qui-

1220 394 1338 442 squam
1368 396 1457 431 alius
1485 398 1705 437 meminerit.
1743 402 1863 447 Quum
1893 401 1976 434 vero

1219 445 1445 492 Apocalypsin»
1483 449 1602 492 Pauli,
1642 450 1685 485 ab
1714 450 1909 499 Augustino
1937 448 1975 484 &

1219 498 1415 532 Sozomeno
1443 507 1698 546 memoratam,
1734 501 1891 549 Scriptor
1917 499 1976 535 hic

1220 559 1436 594 nequaquam
1490 549 1697 590 recenseat,
1749 550 1977 586 confirmatur

1220 596 1391 633 sententia
1436 598 1604 642 johannis
1643 601 1777 637 Ernesti
1818 601 1976 644 Grabii,

1219 647 1278 695 qui
1318 647 1355 683 in
1393 649 1585 697 Spicilegio
1623 652 1765 687 Parrum
1803 664 1879 700 pag.
1918 654 1977 696 84-

1220 697 1355 733 censuit
1380 726 1390 742 ‚
1433 700 1578 739 erupisse
1621 701 1709 737 hanc
1750 701 1976 749 imposturam

1220 749 1343 782 Seculo
1379 749 1551 785 duntaxat
1592 751 1762 788 Ecclesiae
1807 751 1978 789 Christia-

1219 809 1283 832 nae
1326 799 1488 842 Quart0.
1540 802 1631 836 Heic
1676 816 1816 850 quoque
1859 802 1978 837 videas

1219 847 1405 882 memorari
1449 850 1579 883 Librum
1620 853 1813 895 Psalmorum
1849 865 1867 887 a
1905 854 1977 886 Va-

1219 896 1356 932 lentino
1386 896 1615 934 haeresiarcha
1642 901 1881 937 elaboratum.
1921 901 1978 937 U-

1220 960 1281 982 nus
1309 947 1554 984 Tertullianus
1571 976 1580 993 ,
1608 950 1702 998 quod
1741 950 1868 994 sciam,
1896 952 1978 986 Lib.

1218 997 1259 1033 de
1287 999 1401 1033 Carne
1429 997 1582 1038 Christi,
1610 1003 1697 1044 Cap.
1726 1013 1783 1037 20.
1815 1000 1894 1036 istos
1922 1001 1979 1036 in-

1217 1048 1378 1087 dicavit,
1422 1047 1595 1085 saribens:
1641 1053 1739 1086 Nobis
1779 1065 1896 1098 quoque
1935 1052 1980 1086 ad

1216 1099 1295 1134 hanc
1329 1099 1459 1145 speciem
1504 1102 1625 1147 Psalmi
1670 1103 1980 1149 patrocinabuntur,

1217 1163 1277 1183 non
1315 1151 1439 1195 quidem
1479 1151 1677 1196 Apostatae,
1713 1152 1759 1191 &
1796 1152 1978 1194 Haeretici,

1190 1197 1259 1235 l&
1288 1200 1447 1234 Platonici
1484 1202 1669 1247 Valentini,
1701 1203 1760 1247 sed
1788 1202 1979 1248 JanHiffimu'

1216 1250 1262 1289 ψ’
1291 1251 1483 1296 receptiffimi
1512 1254 1681 1297 Prophetae
1718 1254 1852 1289 David.
1887 1253 1979 1298 Quis

1216 1302 1301 1334 verb
1328 1299 1435 1335 fuerit
1463 1302 1619 1335 Mitiades
1657 1303 1719 1338 ille
1748 1303 1979 1346 Hacredcus,

1217 1348 1283 1384 sive
1327 1351 1522 1393 Mdrisdes,
1559 1352 1657 1400 cujus
1693 1353 1737 1388 est
1775 1353 1910 1389 mentio
1939 1352 1979 1388 in

1216 1399 1282 1434 hoc
1309 1399 1526 1446 fragmento,
1555 1401 1719 1438 divinent
1744 1405 1824 1437 alii.
1858 1403 1980 1439 Profe-

1190 1449 1274 1488 ἶΕἰὸ
1312 1462 1381 1483 non
1421 1449 1526 1484 fuerit
1566 1452 1733 1485 Miltiades
1772 1452 1905 1488 Rhetor
1936 1452 1979 1488 ab

1220 1497 1370 1532 Eusebio
1398 1512 1436 1533 ac
1457 1498 1681 1546 Hieronymo
1709 1502 1890 1542 laudatus,
1918 1501 1982 1550 qui

1220 1549 1279 1584 sub
1302 1548 1489 1585 Antonino
1510 1549 1715 1588 Commodo
1736 1553 1848 1588 multa
1873 1552 1981 1601 scrip-

350 1599 550 1640 Palaesiixae
586 1601 678 1646 usque
714 1601 817 1635 adbuc
847 1600 983 1647 singulis
1016 1601 1112 1636 anm's
1139 1617 1143 1637 ο
1191 1608 1193 1610 ’
1220 1598 1261 1633 fit
1287 1612 1349 1647 pro
1377 1599 1564 1636 catholica
1592 1601 1762 1638 Ecclefia.
1793 1605 1870 1652 Age
1898 1606 1980 1639 vero

346 1648 442 1691 semel
477 1649 560 1694 legi.
603 1651 840 1694 Temporibus
882 1651 989 1687 etiam
1026 1651 1110 1691 Caii
1151 1643 1194 1686 D,
1222 1650 1287 1697 jam
1329 1649 1541 1697 proferamus
1579 1655 1827 1701 fragmentum
1866 1653 1979 1701 ipsum

350 1697 453 1745 ipsius
482 1699 789 1737 circumferebatur
816 1702 970 1749 Epistola
999 1701 1109 1748 spuria

351 1749 454 1784 Pauli
477 1750 638 1798 Apostoli
665 1755 708 1786 ad
736 1754 958 1795 Laodicenles,
988 1766 1006 1788 a
1027 1755 1108 1789 San-

349 1799 407 1834 έῖὶο
451 1800 674 1847 Hieronymo
711 1801 749 1838 &
785 1804 1014 1839 Theodoreto
1049 1817 1109 1839 ex-

350 1849 468 1896 plosa,
496 1863 600 1897 quam
629 1853 793 1888 Marcion
821 1853 1051 1890 haeresiarcha
1072 1854 1109 1889 in

349 1899 536 1936 subsidium
576 1900 627 1937 sui
665 1901 782 1951 delirji
825 1903 1019 1948 adhibuit,
1055 1903 1110 1939 uti

350 1963 413 1986 nos
441 1950 544 1986 docet
579 1951 723 1988 Sanfius
760 1953 977 2002 Epiphanius
1014 1956 1105 1990 Hae-

350 2000 409 2036 refi
445 2013 506 2048 42.
549 2003 603 2038 At
643 2011 778 2050 praeter
818 2004 906 2039 hanc
949 2018 991 2040 ex
1035 2003 1110 2049 ipso

349 2050 546 2101 fragmento
587 2065 679 2089 nunc
721 2053 887 2091 discimus
911 2079 923 2095 ‚

963 2055 1110 2091 alteram
1133 2045 1142 2092 l

1194 1703 1239 1736 'e
1290 1699 1516 1737 vetustiffimo
1566 1704 1700 1738 Codice
1749 1703 1980 1740 Ambrofiano

1192 1744 1444 1798 'decerptum,
1487 1761 1590 1798 atque
1624 1753 1713 1788 illud
1753 1755 1980 1790 Eruditorum

1194 1797 1381 1837 *omnium
1422 1803 1577 1838 examini
1616 1803 1862 1851 subjiciamus,
1899 1806 1980 1840 nul-

1223 1853 1293 1887 lum
1325 1852 1494 1888 demendo
1535 1867 1577 1889 ex
1619 1855 1816 1898 erroribus,
1851 1854 1978 1902 quibus

1223 1903 1465 1939 Librariorurn
1486 1903 1666 1951 imperitia
1695 1904 1899 1954 scripturam
1928 1905 1982 1941 sa·-

1193 1953 1356 2022 'turavit
1398 1962 1503 2000 atque
1543 1954 1735 1999 foedavit,
1780 1969 1980 2004 quanquam

1192 2003 1313 2072 'nih-11
1351 2003 1376 2038 ii
1405 2003 1565 2045 obstent,
1601 2005 1789 2054 quominus
1826 2007 1979 2056 pretium

1221 2053 1272 2089 rei
1300 2053 1564 2104 intelligamus.

443 2171 728 2224 Fragmentum
761 2170 990 2229 acephalum
1025 2169 1138 2221 Caii,
1171 2179 1215 2209 ut
1247 2168 1424 2224 videtur,
1457 2171 1632 2213 Romani
1667 2171 1905 2228 Presbyteri,

559 2228 630 2284 qui
660 2227 813 2271 circiter
843 2234 1006 2272 Annum
1040 2226 1317 2293 Christi-196.
1351 2228 1508 2281 floruit,
1540 2231 1587 2270 de
1619 2233 1785 2273 Canone

901 2289 1089 2332 sacrarum
1123 2289 1435 2342 scripturarum.

349 2433 593 2446 ............
614 2408 728 2455 quibus
750 2419 853 2444 tamen
875 2409 1042 2452 interfuit,
1063 2407 1109 2446 &⁵

350 2465 398 2494 ita
422 2458 540 2503 posuit.
561 2460 668 2494 Tertio
691 2460 877 2509 Evangelii
905 2459 1036 2495 Librum
1060 2458 1110 2494 se-

352 2509 464 2545 cundo
493 2510 647 2546 Lucam.
673 2514 775 2546 Lucas
799 2511 852 2554 iste
877 2511 1023 2544 Medicus
1048 2511 1112 2553 posi

351 2561 504 2605 assensum
540 2561 659 2604 Christi
693 2575 760 2596 rum
796 2575 829 2596 eo
865 2562 984 2597 Paulus
1025 2560 1113 2608 quasi

1225 2417 1261 2441 ue
1283 2406 1368 2452 juris
1390 2408 1560 2453 [ludlosum
1595 2408 1757 2450 secundum
1792 2408 1984 2455 adsumfiffit

1226 2459 1352 2493 numeni
1372 2459 1431 2504 suo
1455 2473 1492 2493 ex
1517 2459 1658 2503 opinione
1684 2460 1845 2503 toneriset.
1871 2460 1982 2494 Domi-

1228 2524 1301 2544 num
1328 2520 1430 2545 tamen
1458 2523 1509 2543 nee
1535 2509 1598 2553 ipse
1625 2510 1712 2543 vidit
1739 2510 1772 2543 in
1803 2523 1912 2548 carne,
1938 2510 1982 2543 (9⁶

1230 2562 1309 2596 idem
1330 2571 1422 2608 prout
1445 2558 1560 2607 affeqm'
1582 2560 1708 2605 potuit.
1731 2563 1783 2596 Ita
1810 2561 1896 2616 &.⁰
1923 2573 1984 2594 na-

1801 2619 1933 2645 trvssate
