2216 3100
400 168 482 221 287

749 161 1123 220 ANTIQUIT.
1154 159 1364 204 MEDII
1390 160 1555 204 AEVI

1822 167 1904 209 288

345 225 472 259 taliae
501 221 654 270 vulgaris
690 234 746 258 me
775 231 968 259 converto.
1010 223 1093 257 Nul·
1142 226 1165 256 Δὶ
1203 221 1404 263 Rhymmus,
1429 219 1484 256 seu
1514 220 1634 261 Rima,
1656 228 1798 270 coeptus
1825 224 1869 259 est
1894 239 1961 262 no-

345 274 399 310 lus
427 273 609 309 dubitandi
648 275 744 309 locus
780 273 847 317 est,
876 274 960 318 quin
993 271 1101 308 Pcefis

346 337 366 360 a
394 325 589 373 vulgarium
617 324 831 372 Linguarum
861 324 976 360 Poetis
1004 323 1100 359 adhi-

345 374 445 416 bita,
478 375 706 421 *nativitatem
736 375 828 410 suam
857 376 979 410 debeat
1008 374 1099 409 anti-

344 438 493 474 quorum
539 425 796 472 Rhyrhmicae.
840 428 963 472 Neque
1006 424 1099 460 enim

344 477 504 524 vulgares
534 478 718 524 Linguae,
758 476 879 510 Italica
910 476 1101 519 videlicet,

343 529 504 570 Gallica,
536 527 723 574 Hispanica
750 527 816 560 &c.
845 527 881 560 in
911 536 1082 560 contexen

344 579 398 614 dis
419 578 566 614 versibus
589 576 741 624 speSlant
761 576 868 611 ullam
892 576 1099 622 syllabarum

344 628 605 678 quantitatem,
643 625 711 662 five
748 626 966 673 prosodiam:
1007 627 1098 672 quod

344 681 387 716 ab
408 679 562 727 antiquis
582 676 723 712 Graecis
749 676 784 712 &
808 677 948 713 Latinis
970 677 1097 712 fafitum

344 730 414 767 est.
452 733 497 765 Et
525 726 685 777 quamvis
713 729 836 764 Italica
865 729 1004 778 Lingua
1030 728 1099 763 duo

345 782 528 816 verborum
572 791 696 827 genera
737 778 904 824 praeferat
927 804 938 819 ‚
981 779 1099 814 brevia

344 843 468 878 nempe
487 831 519 864 &
543 831 667 877 longa:
693 838 847 864 attamen
868 828 951 863 haec
973 841 1099 864 vocum

343 880 521 929 quantitas
556 879 592 915 in
622 878 826 926 penultimis
864 880 1000 913 tantum
1033 880 1089 924 syl⁴

343 931 432 967 labis
454 930 556 974 sistit,
577 929 598 964 sl
628 929 731 965 verba
751 928 816 964 smt
840 929 1021 974 trisyllaba
1042 938 1100 963 aut

344 982 567 1028 tetrasyllaba
596 978 666 1016 &c.
709 993 747 1015 ac
789 990 962 1027 praeterea
1004 980 1100 1013 nulla

343 1032 465 1068 harum
505 1033 661 1067 brevium
700 1040 759 1065 aut
796 1030 979 1076 longarum
1010 1029 1101 1064 ratio

343 1083 510 1120 habetur,
538 1081 601 1117 nisi
628 1082 797 1129 quantum
826 1080 945 1129 exigat
974 1093 1100 1115 vocum

342 1133 534 1170 collocatio
561 1133 600 1167 ad
641 1131 834 1167 uberiorem
873 1131 1008 1166 aurium
1038 1144 1101 1165 vo-

341 1186 513 1231 luptatem
543 1184 579 1219 in
609 1181 718 1218 Versu
746 1182 938 1217 audiendo.
970 1184 1082 1216 Recen

341 1236 473 1271 tiorum
496 1248 577 1284 ergo
599 1232 766 1270 Carmina
790 1232 880 1267 nihil
907 1231 1000 1266 aliud
1023 1230 1101 1265 sunt

341 1287 445 1335 quam
466 1286 645 1332 Rhythmi:
659 1285 692 1318 8<
709 1282 1000 1329 quemadmodum
1024 1281 1094 1328 plu·
1118 1310 1119 1313 ,

340 1338 425 1373 rimi
449 1349 491 1371 ex
518 1333 673 1381 antiquis
700 1332 890 1378 Rhythmis
918 1344 1098 1366 numerum

340 1385 590 1423 tantummodo
619 1385 742 1432 pedum
772 1383 826 1418 seu
865 1382 1071 1427 syllabarum
1090 1408 1100 1424 ,

340 1451 412 1474 non
428 1439 507 1473 vero
523 1435 690 1483 temporis
704 1432 983 1469 observationem
997 1443 1097 1478 quae·

340 1489 485 1524 rebant:
525 1486 643 1533 satque
680 1483 810 1519 artifici
839 1483 877 1518 in
913 1482 959 1518 iis
990 1481 1099 1517 confi·

340 1538 473 1574 ciendis
516 1546 620 1574 erat,
663 1534 858 1569 demulcere
900 1532 1099 1568 auditorum

1135 1127 1167 1162 G

1203 270 1330 307 minari
1366 270 1502 319 integer
1534 272 1659 308 Versus
1692 275 1868 322 vulgariS,
1908 279 1963 314 leu

1203 322 1376 365 Carmen,
1403 334 1508 369 atque
1537 323 1686 365 Po‘e'ma,
1714 328 1754 359 ad
1783 325 1962 363 imitatio-

1203 385 1280 407 nem
1320 371 1579 417 Rhythmorum
1611 375 1820 411 Latinorum
1859 378 1961 414 lucu-

1204 423 1363 467 bratum,
1391 422 1431 458 de
1458 424 1585 470 quibus
1613 424 1776 462 haffienus
1805 427 1958 475 egimus.

1203 474 1280 509 Hac
1308 473 1349 508 de
1378 474 1488 509 caussa
1520 475 1702 510 petrarcha
1729 477 1885 515 cecinit:

1254 549 1337 593 Voi,
1373 548 1417 584 cb'
1433 549 1577 594 ascoltate
1613 550 1647 585 in
1674 552 1770 587 Rime
1797 553 1904 600 sparse
1934 554 1961 589 il

1347 599 1444 645 suono
1454 625 1463 636 .

1204 676 1318 715 Nam,
1340 684 1378 711 ut
1404 675 1502 724 supra
1527 689 1569 712 ex
1595 677 1755 713 Othlono
1783 677 1959 724 vidimus,

1201 725 1357 760 Similiter
1381 730 1492 761 cadens
1516 728 1604 763 olim
1632 730 1871 777 appellabatur
1891 743 1962 765 con-

1201 776 1307 818 [onum
1334 776 1489 816 verbum,
1519 777 1572 813 seu
1601 781 1799 823 consonantia
1824 793 1932 815 vocum
1948 807 1958 825 ,

1203 835 1240 860 ut
1261 826 1441 862 Antonius
1463 827 1505 863 de
1525 830 1663 878 Tempo
1685 829 1845 866 testatur.
1868 831 1960 867 Scri-

1203 876 1312 923 ptoris
1341 876 1441 923 hujus
1471 878 1617 913 Librum
1648 880 1758 916 adhuc
1795 882 1872 917 luce
1901 895 1958 918 ca-

1202 935 1358 968 rentem,
1382 928 1411 960 &
1442 925 1477 960 in
1504 927 1726 965 Bibliotheca
1749 930 1893 975 Estensi,
1918 945 1957 968 ac

1201 974 1430 1010 Ambrofiana
1459 975 1673 1013 adservatum
1691 1002 1701 1017 ‚
1731 992 1794 1027 ego
1826 981 1960 1026 jamdu-

1200 1025 1282 1060 dum
1312 1026 1504 1061 memoravi
1535 1026 1615 1063 Lib.
1647 1028 1782 1076 prim0‚
1809 1032 1896 1078 Cap.
1925 1043 1961 1078 3.

1200 1076 1242 1111 de
1273 1075 1416 1112 Perfeffi.
1444 1076 1534 1112 Poefi
1561 1077 1675 1114 Italic.
1704 1080 1800 1128 cujus
1827 1080 1885 1116 hic
1912 1083 1960 1118 ti-

1200 1128 1321 1163 tulus:
1352 1131 1481 1162 Summa
1505 1129 1604 1163 Artis
1628 1131 1814 1177 Rhythmici
1839 1133 1959 1179 vulga-

1200 1178 1244 1210 ris
1267 1176 1473 1217 diffamim's,
1500 1179 1663 1222 composita
1688 1182 1729 1214 ab
1750 1182 1895 1216 ..Antonio
1920 1184 1960 1217 de

1199 1229 1340 1270 Tempe,
1358 1228 1504 1271 Judice,
1532 1230 1612 1263 Cive
1639 1231 1813 1271 Paduam,
1839 1235 1885 1267 ad
1911 1235 1959 1268 lt-

1197 1277 1320 1319 lustrem
1345 1278 1520 1324 Principem
1544 1280 1714 1314 ,albertum
1741 1283 1780 1316 de
1802 1283 1836 1317 la
1864 1284 1958 1318 Scala

1198 1331 1298 1363 Anno
1319 1328 1450 1362 Domini
1470 1331 1738 1367 MCCCXXXII.
1763 1334 1816 1367 Ac
1839 1334 1957 1380 proin-

1198 1376 1241 1411 de
1269 1378 1299 1411 is
1327 1377 1494 1411 Carmina
1526 1381 1728 1415 Petrarchae
1764 1381 1819 1416 sua
1857 1384 1957 1418 lucu-

1200 1426 1358 1461 bratione
1387 1426 1582 1473 praecessit.
1611 1430 1642 1463 Is
1670 1442 1752 1478 ergo
1779 1432 1958 1477 Rhytbmo-

1199 1489 1266 1509 rum
1292 1477 1477 1523 vulgarium
1499 1478 1614 1525 septem
1637 1493 1751 1526 genera
1777 1492 1957 1528 enumerat,

1198 1529 1345 1561 sonetum
1361 1555 1371 1571 ,
1408 1528 1574 1562 Ballatam
1593 1556 1602 1573 ,
1629 1531 1813 1565 Cantioncm
1847 1542 1955 1566 exten-

341 1601 437 1624 aures
472 1587 622 1634 quodam
661 1593 861 1623 concentu,
896 1591 1100 1630 erumpente
1134 1576 1167 1610 D
1192 1577 1263 1622 sam
1292 1578 1360 1613 &a
1398 1579 1450 1613 Ex
1488 1592 1557 1625 quo
1595 1579 1691 1616 vides
1727 1581 1953 1619 Carminibus

341 1652 383 1675 ex
421 1651 487 1673 una
520 1634 744 1685 dispositione
780 1647 819 1669 ac
857 1633 1005 1682 paritate
1043 1646 1096 1681 pe—

339 1689 421 1725 dum
448 1688 485 1723 in
510 1686 652 1736 singulis
677 1684 863 1721 Versibus:
892 1684 985 1720 idem
1011 1697 1096 1730 quo-

339 1753 406 1787 que
443 1753 461 1774 a
491 1737 686 1786 vulgarium
725 1737 943 1785 Linguarum
983 1734 1098 1769 Pc'e'ris

340 1789 471 1825 fafihm
510 1788 600 1823 fuit·
640 1790 758 1833 Quare
795 1799 902 1832 quum
945 1784 1097 1831 primum

339 1840 446 1881 Itali,
474 1839 569 1873 Galli
593 1836 663 1872 &c.
692 1835 838 1871 condere
866 1836 991 1870 Versus
1020 1848 1097 1870 coe-

309 1932 315 1939 ·
340 1898 489 1939 perunt,
513 1887 650 1936 propria
675 1885 810 1934 vulgari
834 1885 971 1933 Lingua
997 1895 1096 1921 uten-

338 1950 391 1976 tes
406 1968 413 1981 ,
436 1939 536 1974 hosce
557 1939 775 1985 appellarunt
796 1937 992 1984 Rhythmos,
1009 1949 1096 1984 quae

338 2003 410 2026 vox
439 1989 526 2039 apud
557 1990 685 2031 Italos,
709 1988 854 2031 Gallos,
875 1987 1035 2035 Anglos,
1060 1999 1094 2021 a-

338 2041 473 2089 liosque
504 2041 680 2086 Populos,
717 2037 788 2074 levi
819 2038 1016 2072 mutatione
1046 2035 1093 2071 fa-

339 2092 416 2135 E‘ta,
445 2092 617 2136 appellata
645 2089 740 2133 fuit,
776 2089 807 2124 δι
838 2087 948 2124 adhuc
977 2087 1094 2136 appel-

339 2144 432 2178 latur
460 2143 580 2177 Rima.
611 2143 691 2176 Non
721 2153 774 2175 me
802 2138 919 2188 fugit,
947 2151 1006 2186 per
1034 2151 1094 2173 vo-

339 2206 413 2229 cem
450 2193 538 2228 hanc
566 2192 665 2227 Rima
701 2203 769 2224 non
798 2203 817 2224 a
844 2187 1096 2225 recentioribus

338 2245 500 2287 tantum,
523 2243 576 2278 sed
603 2240 641 2278 &
665 2255 683 2276 a
708 2239 912 2288 quibusdam
941 2238 1096 2286 antiquis

338 2294 485 2331 Italicae
513 2294 671 2341 Linguae
697 2289 931 2338 Scriptoribus
966 2288 1094 2338 fignifi-

342 2353 411 2390 cari
442 2346 745 2400 ὁμοιοτὲλευτον,
782 2349 836 2385 seu
864 2349 1020 2383 Similiter
1045 2363 1095 2383 ca-

340 2408 410 2441 dens
428 2432 437 2449 ‚
456 2416 526 2450 quo
549 2401 762 2449 potiffimum
784 2399 860 2435 suos
876 2396 1001 2434 Versus
1019 2400 1090 2434 vul-

340 2469 435 2504 gares
465 2466 603 2502 quoque
637 2453 759 2486 Poetae
795 2463 917 2485 ornare
953 2448 1089 2484 consue-

339 2515 491 2542 verunt.
534 2504 664 2539 Verum
700 2515 742 2537 ex
779 2500 999 2537 institutione
1035 2499 1092 2535 sua

1198 1626 1276 1675 ipsis
1304 1641 1431 1663 nomen
1462 1630 1617 1675 Rhyehmi
1652 1630 1805 1667 inditum
1834 1632 1957 1670 fuiffe.

1200 1676 1326 1714 Rursus
1355 1679 1417 1714 ille
1445 1678 1564 1715 scribit
1584 1680 1621 1716 in
1647 1682 1752 1717 Rubr.
1779 1683 1804 1719 Ι.
1827 1684 1956 1729 Rhytsfv-

1198 1743 1264 1764 mus
1290 1729 1436 1777 vulgaris
1471 1731 1512 1772 est
1543 1744 1641 1777 genus
1669 1735 1823 1778 quoddam
1849 1735 1954 1769 difla-

1197 1780 1291 1814 mim's
1327 1781 1398 1818 &c.
1436 1781 1588 1815 Literalis
1627 1783 1803 1824 Rbpthmus
1841 1783 1854 1831 (
1872 1784 1954 1820 idest

1198 1830 1371 1878 Latinus)
1393 1831 1562 1875 secundnm
1580 1834 1804 1868 Grammaticos
1824 1835 1865 1876 es}
1885 1848 1955 1869 con-

1190 1881 1307 1926 sonans
1333 1882 1455 1928 paritas
1479 1882 1699 1928 syllabarum,
1728 1896 1807 1919 certo
1833 1898 1955 1920 numero

1196 1931 1492 1978 comprehensarum.
1523 1935 1570 1967 Et
1593 1935 1698 1968 eadem
1721 1934 1880 1981 dispositio
1904 1949 1956 1970 ca-

1195 1983 1246 2016 dit
1273 1987 1306 2016 in
1334 1983 1467 2029 quolibet
1494 1984 1625 2029 vulgari
1651 1985 1829 2030 Rbytbmo,
1859 1996 1958 2031 prae-

1196 2033 1282 2077 cipue
1309 2033 1342 2066 in
1370 2035 1466 2067 Motu
1493 2034 1626 2078 confcc'lo
1653 2036 1719 2070 &a
1756 2034 1848 2071 Infra
1875 2034 1954 2070 sub-

1196 2083 1276 2119 dit:
1317 2084 1464 2130 ,Quilibet
1491 2085 1673 2130 Rhythmus
1698 2087 1810 2121 habeat
1838 2085 1953 2130 saltem

1196 2146 1291 2168 unam
1317 2134 1559 2177 Consonantiam
1586 2147 1652 2168 cum
1678 2136 1840 2180 difflione,
1875 2148 1953 2181 quae

1195 2182 1309 2219 habeat
1334 2183 1494 2227 diversum
1516 2183 1729 2227 signifimtum
1756 2186 1828 2224 &a
1866 2188 1953 2221 Sunt

1196 2234 1248 2270 ibi
1283 2242 1399 2268 tamen
1437 2233 1469 2267 &
1508 2233 1576 2268 alia
1613 2235 1714 2274 loca,
1749 2234 1786 2270 in
1824 2238 1952 2283 quibus

1196 2283 1352 2331 Rhythmi
1388 2295 1458 2318 vox
1494 2283 1586 2318 idem
1629 2284 1820 2333 fignificare
1856 2286 1954 2322 vide-

1197 2344 1273 2375 tur,
1293 2347 1332 2369 ac
1352 2333 1453 2369 nobis
1472 2334 1592 2369 Rima.
1619 2336 1681 2370 Sed
1703 2337 1923 2382 quandonam
1937 2363 1948 2380 ‚

1195 2384 1232 2421 ἃ
1269 2384 1357 2433 apud
1393 2396 1479 2431 quos
1520 2395 1600 2420 nata
1643 2387 1766 2421 Italica
1806 2386 1948 2422 Poefis?

1195 2436 1364 2471 Omnium
1385 2434 1608 2470 Eruditorum
1632 2438 1767 2472 calculo
1793 2437 1860 2485 jam
1891 2436 1952 2473 fir-

1195 2495 1328 2524 matum
1355 2484 1428 2531 est,
1456 2486 1588 2535 primos
1616 2486 1653 2523 in
1681 2487 1786 2524 Italia
1813 2488 1950 2524 Siculos

1819 2548 1900 2582 vul-
