2216 3100
189 250 354 330 haeienixs
377 293 482 329 allata
507 290 604 326 sunt.
630 290 769 339 Utique
794 292 835 328 ad
859 293 942 328 haec
980 295 1016 328 A

189 344 321 392 stupui.
348 342 516 379 codicem
541 340 653 377 rursus
677 342 942 391 diligentissime

189 393 343 442 inspexi.
372 391 459 428 Alio
486 390 702 438 charastere,
730 394 833 440 quim
861 407 940 429 exa-

189 454 281 482 ratus
308 443 348 479 fit
375 442 522 484 Codex,
550 455 588 479 ea
626 441 750 491 scripta
787 443 939 492 agnovi:

189 504 342 530 attamen
370 492 407 528 δί
437 492 539 541 ipsius
578 495 695 528 Notae
730 493 941 529 chara-&ceres

188 543 347 591 quadrati
374 552 471 579 erant
498 556 536 578 ac
562 542 799 587 vetustiffimi‚
825 544 874 579 ita
903 554 941 580 ut

187 594 278 630 nihil
291 594 446 630 dubitem
460 619 469 633 ,
482 593 567 641 quin
583 594 656 642 ipso
671 595 777 629 Anno
791 596 938 630 DCCC-

188 646 354 681 LXXXI.
390 645 507 680 eadem
545 653 628 679 nota
668 643 709 678 ad
748 644 938 693 marginem

188 695 380 731 accesserit.
411 694 515 740 Quod
544 693 566 729 s1
604 693 690 728 hane
726 696 851 730 erroris
879 709 937 731 ex-

187 754 316 794 pertem
344 745 458 788 dicas,
484 744 551 791 jam
573 743 697 789 habes,
719 747 842 781 Annos
871 748 938 782 Im-

187 795 274 842 perii
301 794 426 831 Caroli
453 793 564 830 Crasti
596 796 768 831 numerari
797 807 938 845 coeptos

184 845 282 880 fuiffe
311 853 391 880 ante
426 844 519 880 diem
559 847 689 881 XXVI.
717 846 802 890 Julii
832 850 939 883 Anno

184 897 467 933 DCCCLxxx.
494 897 575 931 Hoc
602 905 717 931 autem
745 910 852 945 aeque
878 912 935 944 pu·

185 956 268 994 gnat
299 960 376 982 cum
403 945 573 981 sententia
595 946 740 982 Batonii
765 948 798 982 &
824 948 942 997 Pagii.

187 999 316 1031 Verum
345 996 453 1032 nodus
473 996 524 1030 ita
549 996 639 1031 mihi
665 995 848 1034 solvendus
871 1012 941 1034 cre-

186 1046 299 1081 ditur.
329 1048 409 1082 Hoc
436 1045 502 1089 est,
527 1045 684 1082 adhibita
711 1046 780 1083 fuit
806 1062 825 1084 a
852 1049 941 1085 Scri-

185 1106 284 1144 ptore
307 1107 408 1132 notae
432 1096 530 1132 illius
551 1096 691 1144 Epocha
719 1100 847 1144 Regni,
873 1113 942 1135 non

185 1150 268 1183 verb
313 1147 460 1193 Imperii,
502 1146 685 1184 secundum
735 1161 838 1193 quam
885 1150 942 1186 die

185 1199 316 1232 XXVI.
337 1196 422 1240 Julii
444 1196 542 1231 Anni
567 1198 864 1234 DLCCLXXXI.
883 1199 939 1234 de—

184 1247 339 1281 currebat
359 1250 479 1281 Atmus
504 1249 663 1279 secundus
689 1248 796 1280 Carolt
819 1249 939 1294 Regis,

180 1308 250 1331 non
281 1298 362 1330 vero
390 1294 562 1330 Secundus
592 1294 736 1343 Imperii
764 1297 862 1344 ejus.

235 1345 310 1381 Post
339 1344 644 1393 Chronologicam
681 1345 777 1381 istam
815 1360 937 1383 excur-

180 1395 306 1432 fionem
328 1405 522 1444 repetamus
547 1395 675 1430 iterum
700 1397 934 1433 membranam

180 1446 479 1482 Mediolanensem
496 1446 593 1480 Anni
615 1448 935 1484 DCCCLXXXII.

182 1499 263 1533 Non
293 1497 382 1532 levis
419 1496 470 1532 ibi
507 1508 626 1532 eorum
665 1509 846 1536 numerus,
876 1499 937 1546 qui

180 1546 313 1595 duplici
344 1546 498 1582 Nomine
526 1554 691 1583 utuntur.
718 1549 841 1596 Neque
869 1550 937 1584 alla

179 1597 315 1632 ratione
344 1596 496 1640 saecum,
524 1596 586 1631 nifi
615 1606 654 1633 ut
684 1598 726 1632 ab
754 1598 834 1634 aliis
863 1600 933 1647 eju-

178 1646 269 1682 sdem
298 1647 453 1682 nominis
480 1660 519 1682 ac
556 1646 626 1682 loci
658 1646 934 1686 secernerentur.
978 1647 1009 1681 D

177 1701 240 1732 Leo
257 1699 369 1742 Judex
395 1696 665 1746 dignoscendum
695 1697 726 1734 se
755 1700 895 1746 praebet
916 1714 934 1736 a

178 1760 318 1784 munere
346 1747 426 1791 suo,
454 1748 507 1784 uti
534 1749 569 1783 δι
595 1748 783 1794 Aginaldus
801 1752 933 1796 suda,

178 1799 362 1839 Ambrosius
398 1799 552 1834 Notarius
561 1822 571 1838 ,
599 1800 792 1834 Hilderadus
830 1805 934 1837 Nota-

176 1849 263 1891 rim,
304 1853 415 1883 Petrus
457 1848 647 1895 Presbyter.
690 1849 793 1886 Alios
835 1853 932 1888 locus

178 1898 366 1947 d³scernit3
405 1912 527 1941 nempe
564 1901 748 1935 Garmarius
782 1903 820 1936 de
856 1906 930 1937 Me-

176 1949 329 1991 diolano,
366 1949 594 1984 Warimbertus
633 1950 671 1984 de
707 1953 930 1997 Camteriam,

175 2002 327 2034 Andreas
363 2000 499 2033 Clericus
534 2004 572 2034 dc
607 1999 796 2045 Blaffomm,
825 2005 930 2038 Adel-

172 2049 259 2095 gisus
285 2051 322 2083 de
358 2050 571 2094 Roveniafito.
608 2051 713 2086 Alios
750 2051 932 2101 distinguit

178 2099 379 2148 Vaffallagii
408 2100 556 2149 titulusg
580 2110 662 2147 puta
689 2105 795 2136 Bonus
823 2104 856 2137 ἃ
877 2106 932 2138 ,Α-
971 2100 999 2133 Ε

173 2150 311 2196 delgisus
352 2149 504 2196 Vaffalli.
542 2151 647 2187 Alios
683 2151 832 2199 denique
868 2153 929 2189 du—

173 2249 264 2287 setur
290 2255 372 2290 Leo,
400 2251 493 2286 nudo
529 2251 673 2288 nomine
709 2255 925 2301 appellatus:

174 2307 249 2336 tum
276 2301 461 2337 succedunt
487 2305 572 2346 Leo,
599 2302 654 2349 qui
679 2314 808 2338 vocatur
835 2305 925 2349 Pipi-

174 2363 233 2393 ne,
260 2355 341 2395 Leo,
368 2353 422 2399 qui
448 2353 542 2388 Plato
567 2363 717 2397 vocatur,
742 2357 805 2389 Leo
830 2356 926 2390 Villi-

174 2412 245 2434 cus.
272 2403 433 2438 Occurrit
458 2403 493 2438 &
521 2416 607 2439 unus
631 2404 819 2449 Jobannes,
847 2406 925 2442 nul-

173 2450 211 2485 lo
237 2450 308 2485 alio
335 2452 476 2488 nomine
513 2462 679 2490 ornatus:
710 2469 748 2491 ac
782 2455 925 2491 subinde

173 2500 320 2536 veniunt
338 2502 525 2547 Iohannes,
551 2505 606 2551 qui
640 2507 820 2552 appellatur
845 2508 924 2542 Cla-

174 2550 240 2596 rio,
259 2552 443 2596 johannes,
471 2553 524 2599 qui
549 2565 678 2591 vocatur
712 2557 842 2603 Pe-'nsm
860 2561 890 2603 J
891 2572 922 2593 ο-

272 2605 360 2638 Tem.
389 2604 477 2638 rifi,

172 2201 254 2248 plex
282 2213 429 2236 nomen.
457 2201 511 2236 Ibi
536 2200 630 2236 inter
654 2211 785 2237 ceteros
814 2217 930 2240 recen·
1001 2201 1009 2379 Ι

465 233 829 276 ΒΙΕΒΕΚΥΛΤΙΟ
861 233 987 291 ‚QUA
994 230 1517 276 DRAGESIMAPRJMA
1528 248 1540 275 .’

988 747 1028 787 B!

965 1171 1026 1238 '0

1701 237 1755 280 86

1027 311 1030 326 ,
1054 291 1171 325 hannes
1199 288 1315 336 Ruffo.
1344 291 1398 325 Ita
1426 291 1496 338 post
1522 252 1693 328 Luvolum3
1706 295 1811 331 unico

1054 340 1198 376 nomine
1223 339 1435 388 designatum
1452 365 1462 380 ,
1491 353 1715 379 numerantur
1741 350 1811 380 Lu-

1053 392 1124 424 ·volo
1158 394 1202 426 da
1243 392 1381 433 Flume,
1418 392 1565 430 Luvolo,
1601 395 1655 438 qui
1695 396 1811 429 dicitur

1053 442 1171 486 Plato,
1199 442 1321 476 Luvolo
1343 441 1439 486 filius
1476 436 1629 487 quondam
1666 446 1811 479 Domini-

1053 492 1140 527 com'.
1169 494 1223 528 Ita
1258 491 1408 540 denique
1444 493 1596 527 Bonellus
1630 494 1719 529 nude
1748 508 1812 531 no-

1054 541 1229 582 minatus,
1256 542 1328 591 post
1353 556 1454 590 quem
1482 543 1669 590 sequuntur
1693 547 1812 580 Bone!-

1052 594 1102 626 lus
1132 595 1262 633 Vetula,
1299 594 1471 633 Ronanus,
1499 595 1553 640 qui
1587 594 1703 628 dicitur
1730 599 1811 631 Ma-

1049 643 1188 689 gm'ano.
1218 643 1356 686 Viden,
1395 653 1433 679 ut
1469 643 1512 679 iis
1550 645 1723 690 saeculis,
1754 647 1809 682 vel

1053 692 1120 728 fine
1154 693 1237 729 utili
1273 695 1306 728 ἃ
1343 694 1512 729 laudabili
1540 693 1807 743 Cognominum

1053 743 1135 787 usu,
1162 744 1316 792 aliquam
1346 745 1517 780 rationem
1552 745 1717 781 invenere
1745 747 1809 782 ho-

1054 794 1163 830 mines
1180 794 1246 830 sese
1265 794 1422 830 invicem*
1439 795 1694 843 distinguendi?
1713 799 1810 833 Con-

1053 844 1123 880 sule
1159 845 1287 884 ctiam,
1315 844 1338 879 fi
1375 847 1493 884 lubet,
1521 847 1689 882 Chartam
1720 849 1810 884 Vul-

1052 895 1217 930 turnenfis
1245 894 1425 931 Coenobii
1455 898 1544 931 Part.
1571 898 1615 931 Π.
1641 899 1751 933 Tomi
1781 901 1806 934 L

1054 947 1132 980 Rer.
1169 946 1322 982 Italicar.
1352 960 1427 995 pag.
1459 958 1543 994 433.
1573 950 1693 995 Atque
1730 949 1808 985 heic

1051 996 1168 1031 locum
1197 996 1326 1040 habet,
1354 997 1445 1044 quod
1475 997 1564 1045 apud
1599 999 1805 1047 Ughellium

1051 1048 1157 1082 Tom.
1184 1049 1227 1082 V.
1257 1049 1332 1083 Ital.
1358 1050 1447 1083 Sacr.
1474 1048 1510 1083 in
1536 1049 1741 1097 Appendice
1765 1051 1807 1086 ad

1050 1096 1239 1145 Episcopos
1255 1098 1466 1133 Tiburtinos
1489 1099 1618 1147 legitur
1638 1099 1674 1134 in
1692 1099 1808 1136 Char-

1049 1156 1084 1182 ta
1121 1147 1247 1196 scripta
1285 1151 1384 1183 Anno
1420 1151 1463 1184 II.
1507 1150 1622 1184 Domni
1660 1151 1808 1193 silvestri

1048 1201 1174 1243 Papae,
1210 1199 1254 1232 (9⁴
1296 1199 1419 1233 ononis
1463 1200 1566 1234 Tertii
1610 1202 1808 1247 Imperatoris

1047 1250 1147 1281 Anno
1184 1251 1238 1282 IV.
1267 1249 1439 1283 Indiffiom
1475 1253 1562 1286 XIV.
1596 1252 1646 1284 die
1683 1255 1806 1288 XXIX.

1047 1296 1168 1335 Mensis
1189 1299 1373 1332 Novembris
1387 1322 1397 1337 ‚
1417 1299 1482 1333 hoc
1503 1300 1567 1339 est,
1589 1303 1694 1336 Anno
1716 1303 1806 1338 Mil-

1045 1345 1164 1380 lefimo
1203 1360 1221 1381 a
1262 1347 1403 1382 Christo
1444 1359 1552 1393 nato,
1590 1364 1803 1399 quamquam

1044 1396 1081 1431 in
1112 1397 1288 1444 Epocham
1327 1398 1474 1433 Ottonis
1517 1401 1679 1436 mendum
1718 1403 1805 1438 irre-

1045 1446 1169 1493 pserit.
1198 1448 1250 1483 lbi
1277 1449 1457 1493 nobtlffimi
1483 1451 1573 1494 Viri,
1600 1451 1661 1498 qui
1688 1465 1805 1488 recen-

1020 1484 1024 1553 Ξ
1045 1497 1160 1533 [entur
1185 1497 1222 1533 ἃ
1244 1498 1494 1544 nominantur,
1520 1501 1630 1548 aliqui
1658 1516 1724 1536 eum
1744 1506 1806 1538 Co-

1039 1548 1268 1593 gnominibm,
1305 1549 1368 1584 alii
1405 1564 1469 1584 cum
1511 1553 1617 1586 Patris
1654 1556 1804 1599 nomine,

1041 1662 1118 1684 nae.
1149 1650 1254 1695 Quod
1281 1650 1357 1685 heir:
1385 1653 1559 1697 Cognomen
1585 1654 1801 1700 appellatur,

1041 1698 1132 1734 nihil
1161 1699 1256 1735 aliud
1282 1700 1370 1736 mihi
1399 1701 1654 1745 creditur,n1s1
1683 1707 1801 1748 supcr-

1040 1763 1166 1792 nomm,
1189 1750 1282 1798 quod
1303 1764 1394 1786 nunc
1417 1751 1567 1788 dicimus
1589 1756 1796 1800 supranome,

1039 1812 1108 1846 quo
1152 1799 1209 1836 illi
1246 1815 1265 1836 a
1308 1801 1431 1837 ceteris
1472 1802 1797 1851 distinguebantur.

1041 1852 1123 1885 Non
1152 1850 1202 1886 ita
1227 1859 1343 1886 tamen
1370 1851 1453 1888 haec
1480 1852 1574 1888 dista
1603 1855 1733 1894 velim,
1760 1867 1800 1892 ut

1037 1901 1248 1948 opinemur,
1286 1901 1416 1949 ubique
1456 1903 1490 1937 &
1529 1903 1661 1952 semper
1697 1905 1800 1956 huju-

1039 1950 1149 1987 smodi
1178 1952 1490 1999 circumspefflione
1516 1955 1640 1991 caviffe
1668 1955 1728 1992 fibi
1755 1959 1796 1994 ab

1038 2002 1210 2037 erroribus
1237 2004 1391 2051 Majores
1416 2003 1565 2040 nostros.
1588 2008 1675 2042 Sunt
1700 2008 1795 2045 enim

1038 2051 1075 2086 in
1103 2065 1222 2087 eorum
1248 2054 1486 2090 monumentis
1511 2054 1653 2092 infinita
1679 2059 1796 2094 nomi-

1037 2115 1079 2137 na
1108 2101 1174 2137 fine
1202 2104 1274 2138 ulla
1297 2103 1541 2150 ἀίίὶὶηᾶἰοῃε,
1567 2120 1654 2155 quae
1680 2122 1720 2143 an
1747 2110 1792 2145 iis

1037 2153 1192 2188 tenebras
1230 2164 1407 2201 parerent,
1446 2155 1592 2205 ignoro:
1625 2168 1715 2194 certe
1752 2174 1790 2196 ea

1035 2216 1125 2238 nunc
1153 2203 1254 2239 nobis
1281 2205 1477 2254 legentibus
1509 2207 1667 2255 pariunt.
1694 2212 1789 2253 Jam-

1034 2253 1094 2289 diu
1122 2265 1304 2290 monuerat
1339 2256 1563 2293 clariffimum
1593 2258 1786 2297 Literariae

1036 2303 1261 2351 Reipublicae
1287 2306 1406 2342 lumen
1444 2309 1676 2345 Mabillonius
1704 2311 1785 2347 Lib.

1034 2366 1067 2390 2.
1095 2354 1184 2403 Cap.
1212 2358 1245 2392 6.
1272 2357 1336 2392 Rei
1367 2357 1645 2406 Diplomaficae,
1672 2363 1788 2396 Saecu-

1032 2406 1062 2439 lo
1091 2407 1146 2441 1X.
1173 2407 1305 2442 maxime
1341 2407 1386 2446 &⁶
1425 2411 1512 2444 VIII.
1538 2408 1678 2455 acceffiffe
1704 2411 1787 2447 viris

1033 2455 1257 2502 insignioribus
1292 2457 1339 2496 &¹
1367 2458 1503 2493 literatis
1539 2459 1631 2493 aliud
1665 2463 1786 2498 Nomen

1033 2506 1244 2552 adscititium.
1273 2510 1360 2544 Unde
1394 2509 1505 2543 Carolo
1541 2511 1685 2556 Magno,
1717 2515 1786 2548 Da..

1030 2558 1117 2592 vidis
1128 2571 1148 2599 ‚·
1173 2559 1331 2599 Alcuinr,
1359 2560 1636 2604 Flacci-Albini;
1672 2565 1785 2599 Raba-

1094 2608 1122 2642 Β
1151 2608 1171 2642 b
1678 2626 1735 2654 tw,

1041 1598 1230 1634 habitarem
1266 1599 1431 1635 dicuntur
1467 1601 1626 1636 Civitatis
1657 1605 1802 1639 Tiburti-
1844 1634 1850 1637 .
