2216 3100
435 250 514 288 527

786 234 1160 292 ANTJQUJT.
1192 232 1404 275 MEDJJ
1431 232 1596 277 AEVI
1854 237 1934 292 528

373 292 528 328 versum.
547 292 709 341 Denique
725 293 872 330 Librum
893 295 1025 330 claudit
1040 296 1129 330 Tra·
1151 293 1206 329 *A*
1238 293 1335 339 Quid
1363 304 1445 341 ergo
1472 293 1622 338 mirum,
1650 292 1671 329 fi
1701 294 1757 329 vel
1785 292 1855 338 ipsa
1889 293 1992 329 robu-

372 342 485 379 &tatus
511 345 550 379 de
576 354 744 392 temporum
770 347 889 381 ratione
925 347 994 395 jam
1031 346 1128 380 evul-

370 403 470 442 gatus
486 421 495 430 .

420 444 479 481 Ad
503 444 586 480 haec
616 445 874 483 Bibliothecam
904 445 963 481 fibi
992 459 1129 493 parare,

370 504 430 531 aut
453 497 496 530 ab
517 495 596 531 aliis
623 507 777 542 paratam
802 497 949 546 reperire
969 496 1014 532 iis
1040 506 1128 531 tem-

369 545 513 588 poribus
554 546 760 591 perdifficile
797 562 835 583 ac
874 561 988 583 rarum
1027 556 1128 583 erat.

373 597 449 632 Nos
487 595 658 633 felicitate
695 600 896 634 seculorum
937 597 1128 634 nostrorum

372 645 513 691 inflati,
534 646 724 683 socordiam
747 662 784 683 ac
812 649 1049 697 ignorantiam
1071 661 1125 683 ve-

371 706 483 732 terum
521 696 658 734 fortaffe
698 698 892 747 miramur3
935 699 1042 734 etiam
1085 698 1129 733 iis

374 746 580 784 insultamus
593 776 603 792 ,
621 750 713 796 quod
732 750 876 785 illorum
898 746 987 784 foret
1007 751 1044 786 in
1066 749 1124 785 Li-

374 798 497 833 teraria
534 811 570 834 re
606 807 678 833 tam
716 809 813 834 curta
850 800 1024 844 supellex.
1060 801 1129 831 Ve-

372 849 447 884 rum
485 847 680 882 meminisse
708 860 847 894 quoque
884 848 1003 890 decet,
1031 846 1125 882 vilis-

374 900 456 932 iimo
485 897 598 944 pretio
626 896 795 932 Chartam
825 897 935 943 postea
964 897 1128 931 adinven-

372 957 442 982 tam
472 960 563 982 nunc
592 946 747 995 redimi;
785 948 838 982 uti
866 949 899 982 8<
932 947 1002 992 post
1029 961 1125 982 exto*

370 998 520 1046 gitatam
552 999 674 1033 Seculo
704 998 850 1034 Decimo
875 997 1034 1044 QiinE’m
1067 1000 1128 1032 Ar—

371 1059 442 1084 tem
470 1048 803 1097 Typographicam‚
833 1050 949 1098 paucis
978 1050 1132 1084 nummis

373 1112 465 1134 nunc
487 1099 605 1135 venire
632 1100 855 1147 praegrandes
879 1100 1026 1138 Libros„
1052 1098 1123 1144 spis

371 1149 404 1185 sa
441 1162 480 1185 ac
518 1150 612 1185 varia
653 1150 755 1186 unius
793 1151 979 1197 S--riptoris
1018 1152 1132 1197 Opera
1174 1192 1197 1199 .,

373 1200 669 1247 complecientes,
696 1200 757 1249 qui
785 1200 960 1238 centenis,
988 1199 1023 1236 ἃ
1054 1201 1128 1235 mil-

371 1251 460 1286 lenis
495 1251 621 1287 Aureis
653 1251 739 1286 olim
779 1251 1025 1287 constitissent.
1062 1253 1129 1286 Ex·

371 1302 547 1349 ploratum
587 1301 717 1350 quippe
754 1302 820 1339 est.
861 1314 994 1350 praeter
1025 1314 1130 1336 mem-

373 1352 498 1388 branae
529 1354 705 1399 pretium,
742 1352 848 1400 usque
881 1355 921 1387 ad
950 1354 1123 1399 Typogra-

373 1402 476 1450 phiae
518 1403 692 1450 originem
730 1416 749 1437 a
790 1403 962 1438 Librariis
999 1403 1134 1436 calamo

375 1462 535 1488 exaratos
560 1449 657 1488 fuiffe
682 1452 854 1492 Codices,
875 1453 908 1487 8(
935 1451 1134 1497 praesertim

377 1516 395 1538 a
417 1503 626 1547 Momehis,
648 1503 708 1549 qui
730 1513 809 1537 ante
834 1502 922 1536 alios
941 1501 1132 1536 describen-

374 1552 426 1588 dis
448 1552 638 1588 Codicibus
665 1565 803 1597 operam
831 1552 980 1587 dabant.
1013 1552 1125 1585 Proin-

375 1604 415 1637 de
442 1615 544 1638 nemo
570 1615 639 1637 non
669 1602 864 1650 intelligit,
890 1612 1059 1649 quantum
1086 1602 1134 1636 la—

376 1653 467 1688 “z-oris
496 1652 534 1689 ἃ
562 1652 730 1700 temporis
759 1652 960 1689 exposceret
987 1652 1131 1699 ejusmo-

377 1704 411 1739 d}
440 1703 635 1751 scriptura,
672 1717 710 1739 ac
740 1713 920 1745 propterea
947 1704 1050 1750 quam
1082 1716 1136 1738 ca-

376 1768 415 1790 ro
438 1768 524 1790 unus
547 1754 669 1790 Codex
691 1756 851 1802 venii-erg
875 1752 910 1789 ἃ
935 1763 1021 1801 quot
1043 1766 1134 1801 prae—

374 1814 467 1840 terea
496 1805 690 1840 codicibus
726 1818 812 1852 opus
850 1805 957 1844 effer,
989 1803 1137 1851 conqui-

373 1854 466 1891 renti
484 1879 494 1894 ,
521 1855 675 1899 exempli
704 1855 841 1895 caussa,
869 1854 1029 1890 universa
1061 1857 1132 1890 Au-

375 1904 523 1954 gustini,
547 1904 736 1952 Origenis,
762 1904 1023 1950 Chrysostomi‚
1050 1906 1135 1939 Gre-

377 1955 466 2007 gorii
497 1954 648 2003 Magni‚
673 1956 810 1998 Opera,
838 1968 925 2002 quae
954 1956 1127 2003 Tvpogra

376 2007 524 2057 phorum
553 2019 618 2054 ope
647 2018 737 2040 nunc
773 2005 933 2048 impress‘a
960 2006 992 2040 δ(
1021 2003 1136 2040 recusa

374 2070 444 2094 non
475 2057 590 2092 multo
617 2069 692 2092 aere
719 2056 862 2092 emenda
891 2055 1064 2104 prostant.
1105 2055 1135 2091 1-

376 2108 472 2158 gitur
511 2119 675 2154 perquam
719 2120 845 2154 paucae
888 2115 972 2141 tunc
1012 2114 1136 2145 erant,

378 2159 498 2195 saltem
526 2157 564 2193 in
592 2157 715 2201 Italia,
743 2156 1008 2197 Bibliothecae,
1035 2155 1130 2191 Prin-

378 2209 515 2258 cipibus
541 2207 649 2252 viris,
674 2209 705 2242 &
733 2209 895 2243 omnibus
920 2207 1028 2243 ferme
1051 2206 1130 2243 Lai-

378 2261 450 2299 cis,
475 2258 601 2295 isthaec
625 2268 828 2293 ornamenta
854 2258 1136 2307 negligentibus,

325 2331 327 2334 >
379 2320 439 2348 aut
476 2309 803 2351 contemnentibus,
831 2319 890 2344 aut
916 2321 1033 2344 earum
1064 2308 1137 2343 col-

377 2360 596 2410 ligendarum
624 2359 760 2396 enormi
798 2358 911 2405 pretio
947 2372 986 2394 ae
1023 2357 1138 2394 sumtu

378 2411 575 2449 deterritis.
604 2411 643 2445 In
665 2408 854 2457 insignibus
875 2410 1012 2444 tantum
1041 2407 1132 2445 Coe-

377 2462 495 2500 nobiis
525 2459 767 2497 Bibliothecae
788 2460 882 2496 locus
901 2468 995 2500 erat,
1015 2472 1133 2506 quam—

379 2526 484 2562 quam
511 2513 544 2547 8<
574 2512 651 2547 illic
682 2510 779 2547 brevi
810 2511 1012 2558 plerumque
1046 2520 1137 2544 cata·

380 2566 463 2614 logo
491 2576 653 2600 numerus
687 2561 866 2599 Codicum
895 2561 1139 2610 expediretur,

1238 344 1337 379 stiora
1367 342 1509 391 ingenia
1544 354 1628 380 tunc
1665 344 1812 380 minime
1840 356 1995 392 emerget⁴

1238 404 1335 439 rent,
1372 394 1405 428 8(
1443 392 1605 443 exiguam
1641 395 1826 431 illustrium
1864 394 1996 430 Libro-

1237 458 1313 481 rum
1342 444 1489 492 segetem
1527 458 1565 480 ea
1592 454 1684 481 aetas
1720 446 1858 482 ferret?
1895 447 1995 493 Inge-

1237 498 1295 531 nia
1337 504 1428 531 certe
1464 495 1582 530 eadem
1619 505 1722 543 atque
1759 509 1849 532 nunc
1891 495 1995 530 Italia

1237 545 1453 594 temporibus
1481 546 1526 580 iis
1553 546 1698 592 genuit:
1730 546 1784 581 sed
1812 547 1872 582 ubi
1915 547 1996 581 Ma-

1237 596 1357 645 gistri,
1397 594 1577 637 Codices.
1614 594 1651 632 «Sc
1691 598 1825 632 cultura
1867 596 1996 631 defide-

1237 656 1377 686 rantur,
1404 648 1458 682 vis
1482 646 1598 682 omnis
1623 648 1844 695 ingeniorum
1866 648 1904 682 in
1932 647 1995 681 Li-

1238 698 1319 733 teris
1348 699 1509 735 lanaueat
1537 706 1697 744 oportet,
1725 698 1759 732 &
1789 707 1880 732 certe
1919 708 1996 731 mo-

1237 748 1307 783 dici
1336 747 1465 783 frucius
1494 747 1574 782 inde
1603 747 1783 794 sperandi.
1815 749 1910 782 Inter
1941 759 1997 782 ce-

1238 807 1309 832 tera
1336 798 1481 832 Attonis
1508 797 1670 841 Episcopi
1699 796 1924 832 Vercellenfis
1942 796 1997 832 su-

1239 860 1296 892 pra
1318 847 1472 885 laudati,
1490 859 1506 880 a
1527 849 1700 882 Dacherio
1716 847 1808 882 edita
1825 847 1860 882 in
1884 846 1997 891 Spici-

1238 898 1347 945 legio.
1366 899 1527 944 leguntur
1545 897 1702 931 Litterae
1717 899 1873 942 Gunzoni:
1896 897 1996 932 Levi-

1237 958 1286 980 tae
1315 946 1517 985 Novarienfis
1546 946 1589 984 «ᾗ
1628 946 1788 986 Awbtofir
1818 946 1996 992 Prelbytert'

1241 996 1484 1037 Mediolanenfis
1502 1020 1512 1035 ‚
1541 1008 1627 1043 quae
1655 996 1750 1032 viros
1778 995 1929 1041 produnt
1960 998 1998 1031 in

1237 1049 1423 1082 Canonum
1456 1046 1599 1082 scientia
1629 1043 1885 1092 aliquantulum
1921 1058 1999 1081 eru-

1239 1098 1329 1133 ditos
1349 1124 1357 1133 .
1389 1098 1451 1133 Sed
1471 1099 1515 1132 iis
1529 1125 1539 1141 ,
1559 1107 1663 1145 atque
1685 1099 1805 1132 horum
1829 1095 2000 1131 similibus

1238 1150 1312 1184 alae
1353 1150 1494 1185 deerant
1535 1150 1575 1182 ad
1617 1149 1801 1183 tentandos
1855 1147 1999 1182 altiores

1240 1201 1398 1236 volatus.
1426 1197 1587 1235 Fortassis
1614 1209 1729 1234 autem
1760 1210 1833 1232 mea
1856 1210 1924 1232 non
1944 1210 1999 1232 me

1239 1250 1337 1285 fallat
1361 1250 1507 1289 opinio,
1529 1248 1550 1283 fi
1573 1248 1716 1292 dixero,
1738 1250 1779 1283 ad
1809 1249 2000 1294 augendam

1240 1300 1326 1334 hanc
1376 1300 1565 1335 Librorum
1615 1299 1771 1344 inopiam
1815 1298 1850 1332 in
1895 1297 1999 1333 Italia

1239 1348 1442 1385 confluxiffe
1467 1348 1573 1384 etiarn
1601 1350 1796 1384 teterrimas
1831 1348 2000 1383 Barbaro-

1239 1414 1313 1435 rum
1344 1400 1576 1440 irruptiones,
1606 1399 1915 1446 Langobardorum
1943 1396 2001 1433 vi-

1239 1450 1391 1492 delicet,
1421 1451 1666 1497 Hungarorum
1684 1472 1694 1487 ‚
1723 1450 1967 1482 Saracenorum
1986 1469 1998 1486 ,

1240 1508 1279 1534 ut
1307 1500 1395 1533 alios
1425 1509 1633 1545 praeteream
1651 1524 1660 1533 .
1690 1498 1890 1532 Furibunda
1917 1509 2001 1546 gens

1241 1562 1309 1584 non
1336 1549 1520 1584 hominum
1547 1554 1792 1583 tantumnodo
1816 1549 1907 1583 vitas
1928 1559 2002 1583 me-

1242 1602 1336 1634 tebat
1355 1632 1362 1643 ,
1400 1598 1452 1635 sed
1492 1599 1665 1634 incendiis
1694 1598 1798 1634 etiam
1828 1599 1865 1634 in
1893 1610 2000 1645 quae-

1242 1663 1390 1697 cumque
1416 1649 1522 1684 obvia
1559 1658 1620 1685 aut
1657 1648 1839 1685 refistentia
1869 1647 2001 1684 saevie-

1242 1702 1320 1736 bat.
1356 1703 1402 1735 Et
1429 1712 1536 1748 quum
1568 1701 1683 1734 nullus
1712 1699 1799 1745 apud
1833 1711 1891 1734 eos
1919 1699 2002 1734 effer

1242 1751 1374 1787 Literis
1402 1750 1539 1790 honor,
1576 1760 1756 1793 propterea
1785 1750 1905 1797 ingens
1935 1747 2001 1784 Li-

1242 1802 1382 1837 brorum
1410 1801 1509 1838 copia
1545 1800 1686 1835 illorum
1727 1812 1796 1836 non
1824 1801 1940 1834 minus
1968 1797 2001 1834 ἱ-

1241 1851 1424 1901 gnorantia
1464 1852 1566 1898 quarn
1611 1849 1817 1885 crudelitate
1855 1847 2001 1895 perierit

1243 1902 1371 1937 necefl‘e
1397 1902 1462 1941 est,
1485 1901 1666 1949 praecipue
1691 1900 1727 1935 in
1757 1898 2001 1944 Monasteriis,

1242 1967 1260 1988 e
1287 1954 1412 2000 quibus
1451 1962 1505 1986 tor
1543 1950 1694 1986 flammis
1730 1950 1859 1986 tradita
1895 1948 2002 1985 novi-

1243 2016 1342 2039 mus.
1373 2007 1467 2037 Ante
1495 2004 1716 2037 Normannos
1742 2014 1783 2035 an
1811 1999 1920 2036 tantis
1945 2012 2002 2035 ca·

1242 2054 1462 2089 lamitatibus
1489 2053 1605 2087 Gallia
1638 2051 1878 2094 succubuerit,
1906 2049 2002 2086 affir-

1243 2117 1335 2139 mare
1370 2117 1439 2138 non
1476 2102 1601 2138 ausim.
1642 2102 1770 2137 N·hilo
1806 2110 1922 2136 tamen
1952 2099 2003 2136 se-

1243 2155 1315 2190 cius
1340 2156 1394 2190 vel
1419 2154 1464 2189 iis
1491 2154 1731 2200 temporibus,
1756 2162 1794 2187 ut
1823 2150 1918 2197 supra
1945 2149 2002 2186 vi-

1242 2205 1377 2247 dimus,
1407 2203 1487 2239 teste
1517 2205 1618 2250 Lupo
1647 2201 1848 2239 Ferrarienfi
1880 2201 2000 2236 Abba-

1242 2265 1276 2290 te
1293 2282 1303 2298 ‚
1330 2255 1371 2289 de
1399 2256 1563 2288 Librorum
1594 2249 1726 2298 penuria
1757 2250 1873 2299 passim
1902 2248 2002 2286 Galli

1243 2305 1561 2351 conquerebantur.
1589 2303 1704 2339 Immo
1725 2303 1842 2348 Lupus
1869 2301 1940 2349 ipie
1965 2312 2002 2336 e-

1242 2356 1422 2403 xemplum
1461 2353 1629 2389 memoria
1656 2353 1799 2402 dignum
1838 2349 2002 2397 suppedi-

1243 2415 1321 2441 tat.
1359 2407 1546 2452 Quotquot
1583 2404 1646 2439 ille
1683 2411 1818 2450 poterat
1847 2401 2002 2438 Codices

1216 2458 1218 2499 ᾗ
1245 2456 1305 2492 fibi
1331 2455 1463 2504 suisque
1488 2453 1676 2490 Monachis
1701 2451 1897 2489 avidiffime
1921 2465 2001 2498 pro-

1216 2508 1220 2563 l
1246 2508 1409 2556 curabatg
1431 2507 1462 2540 &
1487 2518 1590 2552 quum
1613 2505 1681 2539 duo
1702 2517 1743 2539 ex
1768 2503 1893 2539 eisdem
1918 2501 2003 2537 Mo-

1214 2568 1219 2602 1
1245 2557 1372 2594 nachis
1405 2571 1422 2593 e
1450 2556 1570 2593 Gallia
1597 2557 1747 2591 Romam
1783 2553 1825 2591 ad
1856 2551 2004 2599 Αρτιῐὶο-ι

1836 2604 1953 2639 lorum
