2216 3100
281 246 361 285 129
556 223 920 268 Dzssaamrro
953 222 1332 269 TRJGESJMAOC
1341 225 1512 269 ram.-
1709 246 1790 287 130

217 288 331 335 placet
353 317 362 333 ‚
394 290 468 325 Leo
491 285 554 320 Ill.
583 287 760 320 Romanus
785 283 974 327 Pontifex,
1007 285 1042 319 A
1087 295 1150 329 qua
1171 283 1373 328 suffocandus
1399 283 1494 328 effet:
1524 285 1556 325 fi
1590 287 1731 324 innocens
1757 296 1853 336 erat,

215 340 249 374 δε
277 339 428 376 Carolus
460 338 609 381 Magnus
628 362 636 373 .
675 333 713 369 &
753 334 876 369 Beatus
906 336 968 369 Eu-

216 391 364 439 genius„
392 387 483 422 idem
523 385 680 424 fortasse,
717 385 777 432 qui
817 385 973 420 Landul-

215 440 285 488 pho
320 436 454 473 Seniori
492 436 572 472 Lib.
613 448 646 471 2.
675 437 760 482 Cap.
798 434 973 470 undecim.

215 489 342 526 Histor.
381 487 638 523 Mediolanens.
666 486 772 521 Tom.
800 487 864 520 IV.
895 487 973 520 Rer.

214 538 366 575 Italicar.
409 547 654 572 memoratur.
693 534 847 570 Grandia
889 535 973 570 haec

213 588 357 623 nomina
386 587 488 623 fidem
519 589 643 622 miram
677 585 825 620 invento
853 586 972 620 conci-

212 639 368 675 liabant.
398 641 522 686 Neque
549 638 642 673 rudis
674 637 807 684 Popelli
831 646 902 671 erat
932 635 955 670 fi

212 689 324 724 &ioni
354 690 486 724 larvam
515 688 718 727 detrahere,
757 685 794 722 &
824 688 968 731 praeser—

213 740 280 775 tim
318 741 411 786 quod
441 753 458 775 a
487 738 728 775 Sacerdotibus
766 737 970 784 quibusdam

211 803 264 825 res
294 791 570 837 proponebatur,
598 801 786 835 eorumque
816 789 972 824 Rituales

211 840 315 876 Libri
330 841 440 876 veluti
453 850 580 876 certam
595 840 682 874 hanc
694 839 903 887 detegendae
916 853 972 875 ve-

210 890 329 926 ritatis
350 890 496 926 formam
520 890 830 926 commendabant.
858 891 970 925 Hinc-

213 953 328 976 marus
355 941 427 988 ipse
456 940 630 977 Remenfis
661 940 850 988 Episcopus
869 968 878 980 .,
919 941 973 975 vir

211 990 455 1036 demisimus,
492 992 678 1027 inventum
717 991 782 1026 hoc
810 990 973 1026 laudabat

211 1040 249 1076 in
278 1042 457 1084 Opusculo
484 1044 521 1075 de
547 1042 686 1075 divortio
714 1042 879 1076 Lotharii.
909 1041 972 1076 Sed

211 1092 280 1139 jam
310 1085 545 1126 exclamantes
583 1092 688 1126 audi:
730 1104 752 1125 o
790 1091 971 1126 barbarum

211 1154 250 1176 ac
279 1143 515 1177 truculentum
547 1155 676 1176 morem
697 1166 707 1180 ‚
750 1140 995 1187 fabulamque.

210 1190 342 1226 summe
371 1191 623 1238 perniciosam,
652 1203 739 1237 quae
768 1190 972 1226 hominibus
1002 1183 1037 1220 C

211 1240 348 1276 fortaffe
386 1241 486 1287 culpa
524 1240 721 1275 carentibus
759 1249 829 1274 tam
869 1239 972 1275 facile

210 1290 321 1325 vitam
351 1290 540 1337 eripiebat!
572 1291 666 1324 Bona
696 1289 799 1325 verba
824 1290 971 1335 quaeso.

208 1342 255 1376 Et
293 1340 382 1383 mihi
418 1341 506 1376 olim
541 1354 579 1375 ea
616 1339 740 1389 opinio
777 1338 972 1385 insederat,

209 1390 370 1427 infelices
411 1390 461 1427 ita
503 1390 674 1427 demersos
715 1390 848 1426 animas
889 1391 968 1427 reli-

209 1441 317 1489 quiffe
345 1441 404 1476 sub
441 1441 566 1490 aquis3
606 1455 643 1477 ac
681 1441 825 1490 proinde
862 1441 970 1477 ritum

209 1493 424 1527 barbaricum
449 1491 648 1527 exsecrabar
661 1520 670 1528 .
689 1493 878 1540 Gregorius
896 1495 969 1528 Tu—

209 1542 360 1578 ronenfis
389 1542 467 1578 Lib.
501 1543 635 1587 prim0,
664 1542 754 1591 Cap.
776 1543 835 1589 69.
855 1544 888 1578 &
910 1555 970 1589 70.

209 1592 251 1627 de
291 1593 414 1628 Gloria
457 1594 654 1638 Martyrum
683 1618 692 1632 ‚
737 1593 858 1629 au&or
899 1595 969 1635 est,

1081 333 1232 379 sufficari
1260 347 1318 367 non
1344 344 1490 380 poterat.
1527 337 1590 368 Sed
1617 338 1698 378 illud
1725 341 1851 376 minime

1085 396 1194 417 verum
1221 384 1262 424 est
1280 397 1298 426 ;
1327 384 1430 428 fiebat
1456 384 1538 418 em'm
1564 387 1644 419 ae'ris
1682 390 1847 436 b-ncfin'o,

1084 433 1139 480 qm‘
1164 435 1334 479 projetlum
1364 438 1397 469 in
1424 449 1519 482 aquas
1548 439 1729 471 retinebat:
1756 453 1851 485 neque

1083 486 1121 518 ob
1145 486 1244 519 aliam
1271 484 1404 530 cauffam
1432 489 1466 520 id
1492 488 1713 533 contingebat.
1750 491 1850 526 Haec

1083 535 1115 569 8<
1145 535 1235 570 mihi
1264 547 1343 572 ante
1371 538 1491 572 oculos
1518 547 1616 572 erant
1636 539 1745 574 olim.
1777 543 1849 576 Ve-

1082 589 1156 619 rum
1187 585 1224 620 in
1254 585 1341 621 hanc
1379 600 1451 622 rem
1490 588 1698 636 diligentius
1734 590 1850 626 intro-

1084 634 1258 680 spiciens,
1295 637 1532 684 deprehendi,
1569 638 1674 674 aliter
1710 654 1781 676 rem
1811 655 1849 677 a·

1046 702 1049 708 ·
1081 685 1173 720 Ram
1204 687 1464 733 antiquioribus
1493 691 1671 725 saeculis.
1710 689 1848 727 Claris-

1081 735 1182 771 simus
1212 738 1265 772 vir
1292 740 1326 773 P.
1350 739 1552 774 Edmundus
1574 739 1737 775 Martene
1762 741 1846 778 Mo-

1044 807 1048 834 2
1080 787 1209 822 nachus
1235 788 1484 825 Benedic‘tinus
1507 792 1614 826 Tom.
1644 803 1663 838 3
1706 792 1786 828 Lib.
1810 805 1845 841 3.

1079 836 1168 883 Cap.
1196 849 1229 884 7.
1258 838 1299 874 de
1333 840 1467 887 artiqu.
1500 843 1525 875 Ε
1550 841 1628 877 cles.
1670 843 1780 878 Rstib.
1809 857 1846 879 a-

1079 888 1196 936 liquot
1226 889 1395 938 congeffit
1424 891 1593 926 formulas
1621 895 1845 929 Probatconum

1079 939 1112 972 in
1133 953 1216 985 aqua
1238 940 1386 987 frigrda,
1409 955 1450 976 ex
1474 941 1643 977 Archivis
1665 944 1842 993 Gallici53

1079 1002 1158 1024 nam
1181 990 1218 1026 ὃς
1246 992 1295 1027 ibi
1325 992 1415 1027 idem
1447 1006 1522 1028 mos
1552 993 1686 1028 summo
1714 994 1750 1029 in
1780 995 1845 1030 ho-

1079 1052 1162 1075 nore
1190 1043 1222 1076 &
1255 1041 1375 1089 vigore
1402 1042 1493 1078 fuit.
1521 1042 1575 1079 Ita
1595 1045 1625 1079 δ(
1655 1046 1690 1079 Ρ.
1721 1045 1844 1081 Pezius

1079 1089 1117 1124 in
1166 1090 1346 1127 Thesauro
1397 1093 1615 1129 Anecdotor.
1663 1094 1843 1132 noviffim.

1081 1141 1173 1176 Part.
1203 1154 1234 1177 2.
1263 1142 1373 1178 Tomi
1413 1156 1445 1180 2.
1476 1156 1552 1192 pag.
1590 1145 1662 1192 635
1708 1147 1754 1181 Et
1782 1159 1845 1182 an-

1079 1198 1133 1224 tea
1176 1191 1415 1228 Mabillonius
1457 1194 1495 1230 in
1537 1196 1722 1232 Analefi’cis
1765 1209 1843 1246 pag.

1081 1241 1163 1274 161.
1207 1241 1336 1276 noviss.
1376 1243 1524 1279 edition.
1576 1245 1663 1281 alias
1704 1246 1843 1283 edidere

1078 1290 1259 1325 Formulas
1288 1291 1458 1338 ejusmodi
1489 1294 1617 1330 Ritus.
1656 1297 1778 1342 Itaque
1806 1311 1843 1332 a-

1077 1338 1144 1385 pud
1174 1341 1335 1376 eumdem
1365 1341 1529 1378 Mai-tene
1557 1344 1619 1379 ista
1646 1346 1839 1394 leguntur:

1076 1390 1201 1425 Deinde
1227 1395 1301 1425 vera
1336 1395 1428 1426 corda?
1463 1397 1626 1441 quadam,
1664 1409 1742 1441 quae
1775 1411 1844 1432 eum

1075 1450 1177 1475 tmere
1213 1453 1334 1489 queat,
1377 1443 1456 1478 circa
1496 1445 1615 1479 lumbos
1656 1447 1810 1493 alligetur
1831 1475 1843 1492 ,

1074 1501 1168 1537 atque
1203 1493 1238 1527 in
1265 1494 1355 1527 corda
1386 1492 1452 1537 fiat
1488 1496 1583 1529 nodus
1596 1509 1616 1539 ,·
1650 1496 1696 1535 &¹
1729 1497 1773 1538 fic
1810 1499 1845 1533 in

1074 1555 1189 1588 aquam
1210 1544 1357 1588 suaviter
1372 1571 1382 1588 ,
1421 1559 1458 1579 ne
1483 1559 1597 1592 aquam
1633 1560 1843 1589 commoveat,

1044 1603 1045 1614 ¹
1073 1594 1277 1629 demittatur.
1303 1595 1343 1629 Si
1369 1598 1441 1630 νενὸ
1467 1596 1559 1642 usque
1585 1598 1629 1632 ad
1654 1602 1767 1633 nodum
1786 1602 1843 1633 de-

209 1643 292 1678 duas
319 1643 482 1678 mulieres
509 1643 674 1678 adulterii
712 1644 906 1686 accusatas,
935 1655 971 1679 ut
1003 1638 1037 1671 D
1075 1644 1189 1688 mersus
1224 1645 1345 1689 suerit,
1386 1647 1571 1681 extrahatur
1610 1661 1661 1681 ceu
1696 1649 1843 1692 salvus,-

208 1694 299 1738 aquis
336 1694 588 1740 immergerentur
623 1693 819 1738 dijudicatas
858 1695 969 1740 ῙιιῐῘῙε.

207 1745 260 1778 Ex
299 1743 344 1779 iis
380 1757 446 1779 una
484 1744 650 1780 innocens
687 1755 845 1793 reputata
878 1747 971 1791 super

207 1807 304 1840 aquas
328 1794 407 1838 ferri
441 1798 560 1839 coepit.
592 1797 752 1831 Alteram
784 1797 877 1839 sidus
913 1799 970 1841 lub

207 1845 297 1891 aquis
340 1845 470 1888 tenuit,
507 1860 544 1880 ne
580 1848 622 1880 ad
657 1847 789 1888 fundum
817 1848 968 1892 fluminis

205 1896 408 1941 perveniret:
437 1896 541 1940 idque
570 1896 732 1932 miraculi
761 1899 841 1933 loco
870 1898 967 1948 fuit3

210 1956 423 1992 quapropter
454 1946 563 1981 veluti
593 1946 709 1982 insons
737 1948 873 1984 dimissa
900 1950 969 1985 est.

207 1995 267 2030 Ad
310 1995 392 2029 haec
437 1998 492 2030 Du
514 1996 651 2044 (fangio
692 1997 888 2039 referente,
931 2001 968 2035 in

208 2046 358 2080 Statutis
388 2046 499 2080 MStis
529 2045 653 2082 Caroli
682 2048 709 2083 I.
739 2049 880 2085 Siciliae
903 2053 967 2085 Re-

206 2097 281 2144 gis,
319 2097 381 2141 qui
412 2096 481 2143 post
509 2097 695 2133 dimidium
726 2100 840 2135 Seculi
871 2102 968 2135 xm.

205 2148 389 2194 regnavit,
418 2147 476 2182 ista
506 2149 689 2196 leguntur:
720 2153 833 2195 Quane
852 2164 968 2185 aucuns

205 2196 292 2238 estoit
333 2198 457 2242 seule<
491 2197 524 2231 d‘
537 2212 636 2233 aucun
677 2201 794 2241 crime,
830 2202 906 2234 dont
943 2203 968 2235 il

206 2246 293 2288 deust
327 2252 401 2288 estre
437 2262 554 2293 nowz,
590 2248 616 2282 s’
629 2249 654 2282 il
689 2249 819 2288 n’esloie
854 2262 963 2286 couna-

205 2298 293 2341 bles,
321 2298 346 2331 it
373 2312 410 2331 ne
436 2300 536 2342 pooiet
563 2313 674 2339 noyer.
704 2301 795 2334 Mais
821 2315 850 2336 ce
877 2302 966 2344 n'est

205 2348 264 2381 mie
290 2349 375 2382 voirs
388 2363 406 2391 ‚·
441 2363 492 2383 car
518 2363 547 2383 ce
581 2350 671 2393 fesoit
703 2351 732 2384 Ιί
768 2351 898 2396 banfices
927 2357 966 2387 de

204 2396 314 2439 l’air,
353 2400 408 2445 qui
443 2400 472 2433 le
507 2401 640 2444 retient,
681 2415 742 2436 non
781 2404 842 2437 mie
876 2415 965 2438 autre

205 2448 305 2490 chose!-
333 2451 456 2494 Quae,
485 2450 507 2485 fi
537 2454 621 2486 bene
649 2451 815 2501 intelligo
833 2482 843 2497 ‚
881 2454 963 2490 haec

205 2497 350 2534 sonant:
390 2503 496 2545 ,Quum
528 2505 565 2537 de
590 2504 696 2549 aliquo
730 2504 857 2539 crimine
892 2506 961 2552 qui—

200 2548 310 2595 squam
337 2551 561 2599 accusabatur,
593 2564 721 2602 propter
750 2556 832 2603 quod
866 2556 900 2592 in
926 2570 962 2593 a·

302 2602 392 2636 Tom-
421 2604 512 2638 Vm.

1041 1692 1045 1750 l
1067 1693 1120 1735 fin
1156 1706 1280 1734 autem,
1316 1695 1405 1742 quast
1437 1709 1506 1731 reus
1532 1712 1552 1732 a
1578 1698 1761 1733 videntibus
1787 1713 1843 1734 ae-

1041 1744 1236 1795 gflimetur.
1265 1746 1389 1794 Itaque
1415 1748 1763 1784 animadvertendum
1792 1749 1838 1786 est

1075 1794 1199 1841 (secus
1227 1797 1332 1843 quam
1362 1810 1426 1845 ego
1450 1798 1648 1845 scripseram
1684 1800 1722 1834 in
1762 1802 1841 1836 No-

1074 1846 1121 1880 tis
1158 1847 1199 1881 ad
1239 1849 1370 1895 Legem
1409 1850 1629 1893 Langobard.
1671 1861 1728 1895 55.
1765 1853 1840 1887 Lo-

1075 1895 1182 1932 tharii
1213 1897 1238 1932 I.
1269 1899 1359 1933 Part.
1392 1898 1438 1934 II.
1467 1900 1573 1934 Tom.
1602 1899 1628 1935 l.
1658 1902 1737 1936 Rer.
1766 1901 1839 1937 Ita-

1076 1947 1203 1995 licar.)
1232 1961 1290 1983 eos
1319 1947 1428 1984 solum
1466 1950 1503 1985 in
1531 1949 1701 1997 ejusmodi
1739 1951 1840 1995 Judi-

1075 1997 1132 2032 cio
1161 1999 1282 2046 culpae
1310 2013 1385 2035 reos
1413 1998 1513 2036 fuisse
1549 2002 1712 2045 habitos,
1749 2015 1836 2050 quos

1074 2061 1162 2095 aqua
1191 2049 1435 2090 aversabatur,
1479 2061 1582 2099 atque
1610 2052 1648 2089 in
1678 2052 1748 2088 finu
1777 2053 1838 2089 suo

1074 2099 1227 2146 recipere
1255 2101 1428 2146 negabat,
1467 2102 1609 2149 perinde
1644 2103 1736 2150 quasi
1766 2103 1837 2139 sce-

1074 2149 1143 2183 lere
1171 2149 1374 2197 inquinatos
1402 2151 1474 2199 ipsa
1495 2166 1634 2201 quoque
1660 2154 1836 2192 horreret.

1073 2196 1243 2235 Ceterum
1285 2201 1346 2249 qui
1387 2216 1505 2238 revera
1543 2204 1834 2252 demergebatur,

1073 2251 1233 2296 protinus
1270 2252 1384 2288 veluti
1423 2253 1590 2290 innocens
1626 2265 1834 2299 reputatus,

1072 2313 1114 2336 ex
1152 2315 1237 2349 aqua
1277 2302 1468 2340 incolumis
1505 2306 1736 2341 educebatur.
1764 2308 1835 2340 At-

1072 2352 1204 2388 tentius
1233 2352 1341 2394 vide,
1377 2355 1462 2402 quid
1499 2355 1536 2391 in
1566 2356 1662 2400 supra
1689 2356 1832 2402 evulga-

1072 2411 1109 2438 to
1139 2403 1224 2438 Ritu
1256 2404 1504 2442 contineatur.
1533 2406 1684 2453 Adjurat
1715 2408 1833 2440 sacer-

1070 2452 1130 2488 dos
1159 2455 1300 2501 Aquam
1321 2483 1329 2499 ‚
1367 2467 1403 2490 ut
1438 2458 1525 2491 nullo
1559 2461 1646 2490 modo
1681 2456 1832 2501 suscipiat

1069 2517 1117 2538 eos
1143 2505 1300 2549 homines,
1351 2521 1363 2540 1
1389 2507 1424 2541 in
1450 2508 1557 2552 aliquo
1585 2507 1663 2550 sunt
1689 2507 1831 2551 culpabi-

1036 2556 1043 2596 1
1069 2555 1145 2599 les;
1164 2555 1224 2599 sed
1243 2557 1347 2602 faciet
1371 2570 1420 2592 eos
1446 2568 1556 2594 nutare
1573 2557 1669 2606 super
1688 2558 1742 2603 [ε.
1771 2559 1830 2593 ln-

1173 2604 1192 2643 1
1724 2606 1777 2645 fra
