2216 3100
306 232 320 259 Ι

211 231 387 322 potiierit.

210 333 328 361 tamen
356 324 525 360 sententia
553 322 649 367 sum,
671 324 802 358 nullam
832 322 869 357 in
898 324 965 357 Eu-

212 388 296 422 ropa
323 374 519 410 Civitatem
548 374 741 421 comparari
770 373 860 420 poffe
888 385 966 407 cum

210 424 378 464 Venetis,
403 425 496 472 quod
524 424 566 459 esi
597 424 637 459 ad
662 423 881 459 ostendendas
911 436 968 470 per

209 475 360 523 plurima
389 475 508 510 Secula
537 474 685 510 servatas
723 473 868 509 illustres
898 473 965 521 pri—

210 532 312 560 vatae
348 525 564 561 conditionis
602 525 789 560 Familias.
827 523 968 571 Quippe

209 574 301 610 nulli
336 575 492 612 Civitati
529 576 681 623 contigit
718 574 839 609 tandiu
875 575 965 608 intau

209 624 301 660 &am
332 625 498 662 custodire
528 639 597 661 non
625 626 717 660 suam
756 625 893 659 tantiam
923 625 963 659 li-

208 677 402 720 bertatem,
430 677 483 712 sed
513 689 629 724 pacem
667 688 806 722 quoque
833 673 964 710 intest-

209 738 315 762 nam.
353 729 435 762 Non
477 728 572 762 enim
608 725 756 761 Civium
799 724 966 773 sapientia

207 777 298 824 paffa
325 776 372 812 est
408 777 496 823 apud
534 776 566 812 se
601 775 732 812 radices
771 789 869 824 agere
906 778 950 810 do

207 826 362 862 mesticas
400 827 595 871 fafitiones,
623 840 710 873 quae
746 827 868 861 ceteris
898 827 966 862 ltn-

208 876 277 912 liae
300 876 458 914 Urbibus
476 906 485 921 ,
508 878 676 925 fimulque
704 877 882 912 nobilibus
904 879 963 912 Fa-

206 927 321 963 millis
358 936 492 964 tantam
530 927 682 963 intulere
720 928 873 962 cladem:
909 940 965 962 ne-

208 990 276 1024 que
304 979 392 1021 ulli,
420 979 476 1013 vel
514 977 755 1026 potentissimo
792 977 877 1013 hosti
910 977 961 1013 da-

208 1036 283 1063 tum
310 1028 354 1063 est
390 1041 540 1077 unquam
572 1027 804 1063 felicissimam
832 1028 966 1064 Urbem

209 1090 228 1113 a
257 1078 463 1114 circumfluo
501 1079 588 1115 mari
628 1079 799 1114 munitam
838 1079 969 1126 eripere

209 1128 362 1165 Civibus
399 1129 546 1173 liberis,
578 1131 705 1176 luoque
742 1129 864 1164 addere
901 1129 964 1164 im—

208 1179 329 1225 perio.
360 1181 412 1215 Ita
449 1179 579 1214 facium
608 1179 672 1218 est,
702 1188 740 1214 ut
779 1179 964 1214 Nobilium

207 1228 364 1263 virorum
411 1242 563 1277 propago
603 1229 654 1263 ibi
701 1228 825 1263 melius
863 1231 964 1275 quam

206 1277 294 1312 alibi
333 1278 468 1313 avitum
509 1279 723 1325 lplendorem
764 1290 821 1325 per
864 1279 966 1326 longa

207 1328 328 1363 Secula
375 1328 519 1365 servarit
560 1330 593 1364 δι
636 1327 772 1363 servet.
820 1330 966 1363 Venetis

207 1388 382 1426 praeterea
419 1389 549 1427 quanta
586 1379 675 1414 foret
716 1392 794 1414 cum
824 1379 965 1414 Graecis

206 1427 351 1464 societas
402 1431 435 1464 δι
483 1429 730 1464 commercium
781 1428 845 1476 (ut
886 1430 964 1464 aliis

205 1478 462 1524 quaestionibus
516 1482 681 1528 parcam)
724 1479 964 1528 Langobardis

205 1528 243 1565 &
268 1530 407 1565 Francis
428 1532 466 1566 in
487 1530 590 1566 Italia
610 1531 856 1578 regnantibus,
878 1531 946 1565 Pau

203 1580 257 1615 lus
298 1582 495 1622 Dlaconus,
533 1582 689 1616 Annales
729 1583 962 1624 Francorum,

204 1630 408 1675 Dandulus‚
443 1630 580 1678 aliaque
618 1641 843 1666 monumenta
881 1631 961 1666 satis

203 1681 397 1716 evincunt.
435 1682 549 1729 Atqui
587 1682 731 1717 nomina
769 1682 959 1717 Gentilitia

203 1731 292 1780 apud
330 1734 480 1767 Graecos
511 1745 685 1779 nunquam
720 1731 816 1768 fmffe
842 1732 958 1768 omni-

203 1794 250 1816 no
275 1782 479 1830 antiquata,
500 1796 610 1830 neque
636 1783 671 1817 in
697 1782 956 1818 desuetudinem

203 1831 345 1870 abiisse,
375 1832 396 1867 sl
425 1833 502 1878 quis
536 1833 777 1868 ostendendum
817 1833 878 1870 fibi
908 1833 942 1869 lu

204 1891 341 1924 meret
369 1883 584 1918 Aueioribus
612 1883 649 1918 ὅ(
682 1885 852 1932 exemplis
882 1899 942 1933 pro

204 1931 295 1967 festa
323 1933 530 1968 abundaret.
559 1935 673 1969 Immo
700 1947 811 1982 neque
837 1938 942 1984 Agno

204 1982 358 2018 minibus
386 1984 527 2019 caruisse
564 1984 750 2020 videntur.
784 1987 960 2022 cedrenus

202 2031 263 2068 sub
292 2033 522 2070 Constantmo
559 2034 799 2070 Monomacho
828 2049 958 2071 memo-

201 2102 255 2128 rat
293 2085 411 2129 Am»
450 2086 514 2129 τᾶν
556 2086 756 2141 λεγδμευον
799 2087 961 2139 Κωφδν,

200 2144 343 2187 Asanem
379 2145 572 2190 appellatum
607 2148 764 2183 surdum,
800 2147 892 2192 quod
930 2146 954 2181 i—

202 2194 280 2229 dem
310 2195 352 2230 est
392 2204 495 2242 atque
531 2205 766 2242 cognomento
802 2197 957 2231 Surdum.

200 2245 296 2280 Idem
336 2245 464 2292 pariter
491 2243 550 2280 sub
588 2246 707 2280 Leone
736 2244 853 2281 Bafilii
883 2245 959 2281 filio

202 2305 362 2339 nominat
385 2296 558 2342 Νικήταυ
581 2297 779 2350 πατρίκιοι)
806 2297 869 2340 τὼ)
894 2297 959 2345 τήν

203 2354 403 2410 ἔπωιύμιάν
444 2356 639 2409 Σκληρδν,
671 2365 813 2398 Nicctam
850 2365 958 2398 Patri-

202 2411 284 2446 cium
318 2424 529 2457 cognomento,
559 2412 627 2447 five
665 2423 703 2449 ut
739 2413 865 2449 rectius
905 2415 957 2449 lo-

202 2473 309 2508 quar,
338 2462 505 2498 additicio
533 2463 702 2507 nomine,
730 2464 798 2499 five
835 2467 940 2511 Super

203 2512 347 2548 nomine
372 2538 383 2557 ,
419 2514 631 2562 appellatum
671 2516 807 2549 Sclerum
828 2539 838 2555 ‚
874 2515 957 2551 idest

454 215 750 258 DISSERYA?
755 215 817 255 ΙΟ
849 210 1594 279 QADRAGESJMASECUNDA.

425 273 530 320 Quod
557 285 665 319 quum
704 270 837 316 scribo,
865 275 901 307 in
931 284 969 306 ea
1005 274 1040 309 Α
1075 272 1220 305 Durum.

1010 722 1046 761 ῑῖ

1728 228 1742 254 Ι

1261 269 1363 304 Plura
1400 281 1559 316 aggerere
1601 282 1670 305 non
1691 228 1832 319 4juv43t·

1073 322 1105 356 A
1134 319 1276 355 Graecis
1304 332 1386 367 ergo
1410 319 1539 354 Veneti
1566 321 1831 378 Cognominum

1073 370 1170 406 usum
1194 370 1406 413 didicerint,
1430 377 1490 404 aut
1514 369 1556 404 ab
1583 369 1736 416 antiquis
1764 372 1834 406 La-

1072 422 1158 457 tinis
1186 429 1366 467 acceptum
1394 419 1625 455 retinuerint.
1656 421 1718 454 Sed
1748 431 1832 454 num

1072 472 1195 507 Seculo
1232 470 1370 506 ostavo
1410 470 1444 505 &
1484 472 1590 505 Nono
1631 469 1715 505 haec
1755 468 1833 517 ipsis

1072 521 1224 562 fuerint,
1265 534 1352 569 quae
1395 520 1516 556 nostris
1558 533 1649 556 nunc
1692 520 1832 556 auribus

1073 572 1214 611 sonant,
1243 585 1286 607 an
1325 573 1405 608 verb
1443 570 1565 619 posteri
1605 570 1721 619 potius
1748 584 1833 619 gen-

1071 632 1141 658 tem
1173 622 1264 658 suam
1294 622 1330 658 in
1366 620 1614 669 antiquiffimis
1652 621 1728 656 suae
1761 621 1832 657 Ur-

1071 674 1123 709 bis
1150 674 1376 721 Magnatibus
1402 672 1432 708 se
1457 672 1626 708 invenisse
1651 672 1830 720 putarint,

1044 742 1046 747 v
1071 725 1219 759 aliorum
1249 723 1419 772 judicium
1452 723 1541 758 esto.
1572 725 1645 771 Ego
1682 722 1750 757 fine
1779 732 1831 758 te-

1071 775 1173 810 stibus
1211 787 1250 810 ac
1286 774 1416 809 tabulis
1455 773 1627 809 affirmare
1669 772 1831 821 aliquid,

1071 836 1131 861 aut
1159 825 1338 861 decernere
1368 838 1436 859 non
1474 823 1599 860 aufim.
1631 824 1721 859 Illud
1753 823 1834 871 qui—

1071 876 1149 911 dem
1178 886 1334 918 certum,
1363 874 1483 910 saltem
1513 875 1656 911 Saeculo
1684 876 1833 910 Decimo

1071 939 1141 961 non
1171 939 1296 974 paucos
1319 940 1336 960 e
1366 926 1556 961 Nobnlibus
1587 925 1730 961 Venetis
1757 926 1835 960 No-

1072 976 1159 1012 mini
1190 975 1248 1011 suo
1277 978 1484 1025 Cognomen
1514 989 1652 1024 quoque
1680 974 1833 1011 addidis-

1073 1026 1123 1062 se.
1151 1029 1227 1070 Jam
1253 1026 1350 1075 supra
1377 1027 1528 1062 vidimus
1557 1028 1693 1062 dilertis
1721 1026 1834 1062 verbis

1073 1078 1209 1113 Viealem
1235 1080 1437 1112 Canet'ianum
1466 1080 1507 1112 ab
1535 1080 1670 1113 Orione
1697 1079 1832 1125 Magno

1073 1138 1325 1163 memoratum.
1357 1129 1408 1164 lta
1436 1128 1472 1163 in
1502 1131 1612 1164 altero
1647 1129 1834 1175 D1ploma-

1003 1181 1034 1215 C
1072 1188 1104 1213 te
1133 1178 1280 1214 ottonis
1320 1180 1385 1215 Ill.
1415 1179 1524 1226 postea
1562 1179 1705 1228 Augusti
1744 1177 1833 1226 apud

1075 1230 1301 1271 Dandulum,
1343 1229 1486 1265 obviam
1531 1230 1562 1264 se
1604 1230 1690 1265 facit
1732 1230 1836 1265 nobis

1064 1280 1226 1321 Iohannes
1266 1279 1421 1318 Ursiolus,
1450 1281 1503 1313 vel
1540 1281 1702 1323 Urlcohn,
1733 1282 1836 1316 Nun-

1073 1327 1142 1362 tius
1195 1330 1283 1361 Petri
1325 1330 1422 1362 Dacis
1472 1331 1680 1364 Veneticorum
1726 1334 1835 1366 Anno

1073 1379 1357 1413 DCCCCXCH.
1388 1381 1470 1413 Erat
1500 1379 1557 1414 hic
1594 1380 1686 1415 idem
1717 1383 1832 1416 Vene-

1071 1439 1185 1464 torum
1221 1431 1300 1464 Dux
1344 1431 1461 1465 Petrus
1490 1443 1531 1465 ex
1572 1430 1688 1465 eadem
1719 1433 1837 1467 Fami-

1071 1481 1137 1514 lia:
1168 1479 1240 1527 ejus
1278 1480 1372 1515 enim
1402 1480 1515 1516 filium
1558 1483 1689 1516 Ducem
1721 1481 1830 1528 postea

1070 1528 1107 1565 &
1136 1529 1248 1576 ipsum
1278 1532 1493 1566 Venetorum
1535 1533 1654 1567 Petrus
1688 1533 1834 1568 Damia-

1070 1593 1106 1615 ιιι
1135 1580 1172 1615 in
1202 1580 1287 1615 Vita
1316 1580 1432 1616 Sancti
1461 1582 1646 1617 Romualdi
1676 1585 1831 1630 appellat

1070 1634 1196 1665 Petrum
1223 1632 1410 1678 Cognomine
1448 1632 1625 1677 Urseolum,
1653 1635 1708 1679 qui
1748 1636 1833 1669 Dal-

1069 1682 1176 1716 matici
1190 1684 1329 1716 Ducatus
1335 1683 1532 1728 gubernabat
1550 1685 1683 1717 habenas
1695 1710 1703 1718 .
1718 1684 1832 1720 Char-

1070 1740 1104 1767 ta
1132 1745 1271 1780 quoque
1299 1732 1397 1767 Anni
1429 1734 1765 1770 DCCCCLXXVI.
1794 1749 1832 1771 a-

1071 1785 1138 1831 pud
1165 1782 1311 1818 eundem
1351 1784 1550 1818 Dandulum
1588 1785 1731 1820 exhibet
1766 1798 1831 1820 no-

1071 1834 1122 1868 bis
1148 1833 1369 1868 concordiam
1396 1834 1523 1869 initam
1549 1847 1566 1869 a
1593 1837 1734 1870 s1cardo
1755 1835 1832 1871 Co-

1071 1884 1156 1918 mite
1184 1883 1477 1930 Justinopolitano
1505 1898 1571 1918 cum
1606 1886 1740 1920 Domino
1767 1890 1828 1921 Pe-

1068 1945 1115 1968 tro
1144 1935 1262 1978 Urseolo
1300 1937 1498 1969 Venetiarum
1534 1938 1618 1970 Duce
1656 1938 1730 1974 &a
1756 1948 1829 1983 pro-

1067 1995 1137 2029 pter
1163 1983 1306 2030 deceffum
1334 1984 1541 2030 Antecefforis
1569 1987 1658 2020 Petri
1683 1990 1829 2023 Candia-

1069 2036 1104 2068 m‘
1131 2035 1249 2070 Ducis.
1279 2035 1380 2070 Adde
1409 2035 1627 2072 Franciscum
1667 2038 1829 2074 Sansovi-

1040 2109 1042 2114 -
1069 2098 1150 2120 num
1161 2110 1169 2123 ,
1182 2085 1242 2133 qui
1256 2086 1336 2121 Lib.
1354 2098 1365 2120 1
1376 2098 1407 2132 3.
1421 2086 1460 2121 de
1473 2089 1598 2122 Venet.
1614 2087 1711 2123 Urbe
1724 2117 1731 2131 ‚
1749 2091 1826 2125 Pla-

1069 2135 1178 2170 citum
1201 2136 1319 2171 innuit
1340 2136 1498 2172 habitum
1518 2140 1623 2173 Anno
1644 2141 1826 2176 DCCCC-

1069 2188 1204 2221 LVIII.
1231 2186 1265 2220 in
1300 2189 1396 2221 Cum
1423 2189 1548 2222 Palatii
1585 2190 1700 2224 Domni
1733 2194 1825 2225 Pena

1069 2239 1152 2271 Duce
1171 2237 1356 2273 Gaudiano.
1377 2239 1481 2283 Quod
1504 2249 1618 2275 tamen
1642 2253 1711 2274 rem
1738 2254 1822 2276 con-

1066 2285 1166 2322 ficere
1195 2287 1332 2324 uberius
1369 2290 1498 2336 potest,
1527 2291 1657 2325 Charta
1693 2291 1734 2325 ab
1766 2291 1821 2327 U-

1065 2337 1197 2385 ghellio
1220 2338 1422 2386 producitur
1437 2342 1555 2375 Tomo
1577 2343 1616 2374 V.
1634 2341 1712 2375 ital.
1730 2343 1819 2377 Sacr.

1063 2388 1102 2424 in
1127 2390 1301 2438 Catalogo
1329 2390 1553 2426 Patriarchar.
1582 2393 1705 2425 Vener.
1731 2404 1819 2437 quae

1063 2438 1085 2473 fi
1113 2452 1274 2487 germana
1302 2439 1487 2481 statuatur,
1512 2441 1544 2474 ὃ(
1571 2441 1613 2474 ab
1638 2442 1736 2476 omni
1763 2443 1819 2477 in-

1064 2490 1309 2535 terpolationis
1337 2490 1529 2538 suspicione
1557 2490 1735 2534 absoluta,
1763 2493 1820 2529 in-

1063 2540 1251 2578 wffiffime
1272 2541 1456 2586 ·ostendit,
1484 2542 1592 2577 Anno
1637 2543 1822 2581 DCCCC-

1587 2593 1772 2630 LXXXII.
