2216 3100
281 224 361 274 569
485 213 852 258 DISSERTATIO
884 209 1585 271 ‚QJADRAGESIMATERTIA;
1709 233 1794 275 570

220 277 392 320 contrivit,
414 273 496 315 ficut
522 273 742 318 vitulamina,
780 285 857 320 quae
883 272 978 307 exili·
1022 273 1056 306 A
1103 270 1189 306 niam
1225 270 1261 304 id
1294 273 1375 317 quod
1410 272 1514 308 dixit:
1552 275 1769 312 Benedicentes
1807 277 1860 323 ei,

220 337 285 360 tate
306 326 359 370 sui
383 324 477 368 facile
503 334 725 359 conteruntur.
761 326 857 364 syrus
888 336 976 357 nam·
1099 323 1138 355 de
1166 324 1232 357 Deo
1257 322 1467 368 accipiendum
1490 323 1556 365 sit,
1592 338 1652 359 non
1682 326 1762 367 ficut
1789 328 1863 374 qui-

220 389 298 423 que,
324 376 405 422 quod
430 374 478 407 hi„-
514 374 645 421 pofitum
672 375 736 416 esi:
772 376 819 408 Et
855 373 972 407 commi·
1100 373 1174 406 dam
1215 372 1381 418 opinantur
1401 399 1408 409 ,
1447 376 1486 408 de
1523 376 1659 410 David,
1700 378 1864 414 Sucoedit

221 427 294 460 nuit
327 438 374 459 eos
401 434 561 471 tamquam
597 425 718 460 vitulos
754 423 896 467 Libani,
933 423 981 457 ita
1103 422 1258 458 Psalmus
1286 424 1452 460 XXXIX..
1482 425 1542 461 ubi
1580 425 1621 461 ad
1659 439 1698 462 ea
1733 429 1862 464 verba:

220 476 295 511 ait:
331 475 473 510 Inimicus
504 474 587 516 ficut
620 475 764 523 germina
799 476 980 509 cedrorum.
1103 475 1140 507 ln
1182 474 1282 520 capite
1330 475 1424 509 stm·
1453 503 1463 519 ,
1505 475 1587 511 haec
1629 476 1860 514 adferuntur:

222 527 372 560 Germina
412 537 516 560 autem
556 529 725 561 cedrorum
761 525 875 569 optime
909 525 979 559 vir·
1101 524 1231 570 Aquila
1259 524 1294 559 in
1319 524 1478 559 volumine
1505 528 1600 561 Libri
1624 527 1726 574 posuit
1742 542 1763 571 ,·
1791 540 1865 564 nam

218 576 313 622 gulta
339 576 468 610 vocavit
495 578 536 612 ab
561 580 703 611 arborum
724 577 825 610 radice
848 575 977 619 surgen·
1101 576 1188 620 apud
1224 575 1377 609 Hebraeo,
1418 585 1484 611 tam
1521 578 1614 624 Legis
1649 580 1742 624 quam
1785 582 1865 613 Pro-

222 627 271 661 tia
298 627 367 662 ἂι.
397 626 522 663 Rursus
550 627 633 663 haec
669 626 721 662 ibi
748 627 912 673 leguntur
939 622 980 658 ad
1101 624 1265 668 phetarum
1306 624 1400 660 Libri
1436 626 1557 674 singuli
1599 628 1734 674 lingulis
1774 639 1865 664 erant

222 675 458 713 verficulum:
501 680 549 712 Et
586 674 786 712 commovebit
826 674 981 709 Dominus
1101 675 1317 708 voluminibus
1338 676 1518 721 conscripti.
1548 677 1721 713 Postremo
1748 678 1865 725 sequi—

221 727 373 770 desertum
408 728 527 762 cadis.
565 729 688 760 Eadem
720 725 846 770 saepius
881 725 981 768 deser·
1005 723 1050 762 'B
1102 732 1160 758 tur
1188 724 1350 760 Psalterii
1382 726 1492 762 totius
1522 726 1695 775 expositio
1722 741 1740 762 a
1770 729 1864 763 Psal-

220 788 289 811 tum
317 777 482 817 indicans,
508 777 590 823 quod
615 775 768 820 desertum
794 774 895 808 Cadis
921 787 981 808 non
1102 785 1161 808 mo
1189 773 1215 809 I.
1245 775 1351 820 usque
1378 777 1418 811 ad
1448 777 1640 820 ultimum,
1676 777 1740 813 nifi
1768 777 1863 826 quod

221 826 289 869 ιβ,
330 835 366 860 ut
405 826 535 872 quidam
573 835 795 870 putaverunt,
834 825 981 870 [criptum
1102 824 1139 858 in
1167 822 1236 858 fine
1273 823 1395 859 Codex
1425 825 1469 860 est
1506 827 1674 863 mutilus.
1705 830 1764 864 An
1803 828 1866 865 ha-

220 875 345 919 cadis,
380 875 438 918 sed
477 876 619 911 Gaddis.
655 875 778 910 Caddis
812 877 887 909 vero
922 889 980 909 non
1101 872 1223 909 &enus
1250 887 1293 910 ex
1321 875 1597 912 Commentariis
1618 876 1663 913 iis
1685 877 1864 920 delibata,

220 925 262 967 ιβ
288 937 397 958 nomen
422 924 482 959 loci
507 936 600 971 atque
626 925 789 972 regionis;
811 925 867 970 [ed
892 927 977 960 Cad—
1101 922 1138 960 &
1167 924 1401 961 eruditionem
1430 926 1552 973 utique
1579 940 1649 962 non
1688 928 1861 978 plebejam

218 974 268 1009 dis
294 975 411 1009 dicitur
446 989 467 1010 a
503 979 604 1022 Syro,
640 976 695 1010 vel
730 975 871 1010 Hebraeo
902 976 977 1020 san·
1100 974 1317 1016 redolentia,
1353 975 1629 1023 Hieronymiani
1669 978 1862 1026 quidquam

220 1023 323 1059 Hum-
359 1024 513 1060 samum
548 1038 617 1072 ergo
651 1026 731 1061 dicit
765 1027 888 1066 locum,
924 1026 980 1072 qui
1101 1024 1320 1072 praeferant,
1359 1027 1509 1062 aliorum
1552 1028 1619 1063 esto
1662 1028 1861 1076 judicium.

219 1085 287 1110 erat
328 1086 402 1110 ante
441 1075 639 1121 Civitatem,
679 1076 713 1111 in
758 1090 816 1124 quo
852 1076 979 1123 Affyrii
1100 1075 1192 1111 Illud
1220 1076 1361 1123 quidem
1391 1076 1522 1121 statuo,
1552 1078 1793 1126 subsequentes
1821 1080 1860 1116 in

219 1124 317 1165 castra
341 1125 528 1171 posuerunt.
557 1129 603 1161 Et
629 1126 775 1168 remansit
801 1127 850 1162 hic
879 1128 978 1171 sermo
1099 1139 1140 1161 eo
1165 1126 1299 1162 Codice
1321 1127 1632 1170 Commentarios,
1656 1130 1761 1177 longe
1784 1130 1861 1167 abi-

212 1175 384 1220 secundiam
410 1177 569 1222 Linguam
589 1180 614 1211 ,ς’
607 1191 703 1224 yram
722 1179 776 1212 vel
803 1178 977 1212 Hebraeam
1018 1180 1053 1218 C
1099 1189 1135 1212 re
1154 1190 1173 1212 a
1196 1176 1313 1213 Sanfi'ti
1339 1178 1555 1224 Hieronymi
1583 1180 1699 1229 gustu,
1727 1179 1861 1216 (1οᾶτί-

220 1225 256 1259 in
296 1226 516 1261 Voluminibus
554 1228 710 1269 Graecis,
747 1238 784 1261 ut
817 1227 977 1268 Adonai,
1099 1227 1141 1261 nst
1181 1226 1219 1264 &
1261 1229 1433 1276 elegantia
1454 1254 1464 1269 ,
1507 1230 1540 1264 &
1585 1231 1636 1266 nil
1680 1231 1861 1267 continere

219 1285 313 1319 atque
337 1276 498 1316 sabaoth,
534 1278 577 1308 (9·
612 1276 681 1309 alia
709 1276 854 1315 similia.
880 1279 976 1311 Tum
1099 1286 1199 1312 tanto
1222 1278 1375 1314 Doflore
1394 1280 1562 1328 dignum.
1586 1283 1707 1329 Atque
1729 1290 1768 1316 ut
1787 1283 1861 1317 Le-

218 1323 375 1371 sequitur
419 1322 547 1360 Psalmi
590 1326 721 1360 XXIX.
762 1324 946 1371 Expofitio
965 1349 976 1365 ‚
1098 1326 1176 1361 &or
1202 1340 1273 1362 non
1301 1329 1388 1365 meis
1416 1331 1531 1366 verbis
1548 1358 1558 1374 ‚
1596 1331 1650 1367 sed
1679 1331 1747 1367 suis
1774 1345 1861 1367 ocu-

1065 1226 1073 1380 -——-—

219 1373 344 1409 deinde
373 1376 538 1409 xxxiv.
568 1377 716 1409 XXXV.
742 1377 908 1410 xxxvt.
938 1389 974 1411 u-
1098 1374 1143 1410 lis
1171 1376 1310 1419 credat,
1347 1389 1510 1426 excerpta
1539 1381 1678 1429 aliquot
1705 1380 1859 1430 ejusdem

221 1423 258 1458 bi
285 1423 326 1458 ad
354 1436 392 1458 ea
421 1423 545 1458 verba:
584 1424 744 1469 Quoniam
770 1425 979 1459 benedicentes
1097 1425 1223 1472 Operis
1251 1425 1420 1475 subjicere
1460 1429 1593 1475 placuit
1630 1445 1707 1466 eum
1748 1432 1860 1467 etiam

220 1474 248 1508 ιὶ
274 1472 496 1507 hereditabunt
523 1484 663 1518 terram,
691 1473 978 1510 Commentarius
1097 1474 1133 1509 in
1163 1474 1268 1510 finem
1287 1502 1297 1517 ,
1326 1485 1366 1512 ut
1393 1477 1533 1515 facilius
1571 1480 1754 1529 dignoscat
1780 1495 1859 1517 eru-
1919 1478 1921 1481 ’

220 1522 280 1559 iste
307 1523 515 1571 apponitur:
545 1527 660 1571 Syrum
687 1525 735 1560 ita
760 1526 864 1560 dicit:
889 1528 979 1570 ,Qua-
1096 1524 1170 1560 dita
1197 1538 1304 1573 gens,
1341 1539 1383 1561 an
1422 1527 1505 1563 haec
1542 1530 1636 1565 edita
1673 1531 1760 1576 fint,
1797 1541 1859 1569 aut

220 1573 307 1609 niam
348 1576 571 1608 maledicentur
597 1577 638 1609 ab
672 1588 730 1619 eo,
775 1575 979 1612 excidentur.
1096 1574 1235 1611 cuinam
1264 1576 1435 1624 Scriptori
1464 1577 1529 1613 fint
1557 1581 1759 1616 tribuenda.
1788 1581 1856 1618 Di-

220 1625 350 1670 Aquila
385 1626 480 1659 etiam
507 1624 553 1662 ἄρ’
581 1626 785 1671 Symmachus
819 1625 976 1660 concinen-
1017 1627 1051 1661 D
1094 1638 1180 1674 gnus
1224 1626 1374 1674 denique
1411 1640 1490 1675 prae
1528 1631 1723 1666 veneranda
1761 1630 1855 1667 anti-

221 1684 291 1710 ter:
322 1674 487 1709 Bmaifii
521 1677 562 1709 ab
595 1688 627 1708 co
662 1675 880 1710 hereditabunt
915 1686 978 1710 ter·
1093 1676 1230 1724 quitate
1258 1676 1314 1712 sua
1343 1676 1455 1714 foetus
1483 1678 1543 1715 iste
1570 1680 1639 1725 est,
1669 1682 1765 1730 cujus
1790 1681 1856 1717 sal-

220 1736 307 1759 ram.
335 1724 447 1766 Sensus
475 1725 522 1759 ita
545 1725 662 1772 positus
690 1725 757 1770 est,
794 1737 829 1760 ut
854 1727 915 1761 alii
940 1742 976 1762 a—
1093 1736 1165 1762 tem
1196 1728 1388 1775 particulae
1415 1728 1575 1778 aliquot,
1603 1732 1756 1767 tenebris
1783 1731 1854 1768 eri·

220 1774 294 1808 liter
321 1775 582 1819 interpretentur,
619 1786 655 1809 ut
689 1778 899 1824 Septuaginta
925 1779 975 1812 di·
1094 1777 1260 1825 piantur,
1302 1778 1469 1827 siquidem
1509 1781 1666 1818 nondum
1717 1782 1854 1831 integer

221 1835 353 1860 acrum.
381 1824 573 1869 Manifestus
599 1826 774 1862 intellefflus
801 1828 868 1871 ιβ,
904 1841 977 1876 quo·
1094 1829 1209 1865 lucem
1240 1828 1393 1866 viderit.

294 1940 499 1997 specimen
532 1943 821 1986 Commentarii
852 1945 1106 2002 antiquiffimi
1138 1945 1179 1987 in
1214 1944 1468 1998 psalterium,
1500 1947 1644 1990 SanSio
1676 1946 1776 1990 Hie·

474 2016 645 2057 ronymo
675 2018 872 2060 perperam
906 2006 1065 2057 tributi,
1096 2005 1136 2046 in
1171 2006 1424 2048 vetustiffimo
1455 2006 1603 2049 Codice

742 2062 1009 2105 Bibliothecae
1041 2064 1342 2106 Ambrofianae.

305 2176 431 2211 Rf‘mum
467 2177 626 2218 Psalmum
662 2178 791 2225 quidam
833 2179 866 2213 in
898 2184 982 2224 Joas
1020 2182 1049 2216 E
1068 2180 1075 2210 l
1094 2181 1139 2215 ad
1164 2181 1387 2216 excludendam
1415 2181 1606 2225 Psalmorum
1629 2194 1736 2216 veram
1763 2191 1853 2226 expo·

325 2232 442 2273 Regem
468 2228 588 2262 ‘iillum
623 2228 678 2274 effe
704 2232 891 2273 voluerunt,
927 2231 982 2276 qui
1067 2215 1259 2272 ¹sitionem,
1291 2232 1393 2276 falsas
1424 2232 1651 2274 similitudines
1679 2234 1719 2267 ab
1747 2234 1854 2274 Htsto-

220 2292 241 2312 a
259 2280 289 2322 J
292 2277 387 2320 oiada
416 2277 559 2324 Principe
584 2283 782 2314 sacerdotum
809 2282 852 2314 (9⁶
876 2282 979 2315 nutri·-
1094 2282 1143 2316 ria
1167 2282 1286 2326 petitas
1311 2293 1461 2318 conantur
1488 2284 1653 2318 inducere.
1691 2284 1851 2329 Quomodo

221 2335 275 2360 tut
300 2327 366 2372 est,
396 2329 439 2362 (9⁶
465 2329 625 2372 intersefflo
651 2330 794 2365 athalia
819 2330 853 2364 in
881 2331 977 2375 impe·
1093 2331 1175 2366 enim
1204 2336 1337 2368 Beatum
1375 2333 1465 2376 isium
1495 2335 1699 2378 pronuntiare
1734 2332 1853 2380 potuis-

223 2377 305 2410 rium
329 2379 510 2426 [abrogatus
538 2379 580 2422 ιβ
595 2394 615 2422 ,·
640 2394 672 2414 eo
711 2382 792 2426 quod
816 2392 870 2427 per
896 2395 980 2417 omne
1087 2383 1162 2428 set,
1189 2382 1235 2422 &¹
1261 2385 1303 2419 ab
1338 2384 1421 2418 omni
1455 2396 1551 2418 errore
1585 2397 1687 2419 amore
1721 2383 1855 2418 virtutis
1890 2429 1894 2432 .

223 2435 369 2473 'empus’
404 2430 438 2464 in
465 2443 523 2477 quo
547 2445 568 2465 a
596 2430 747 2475 Pontifice
773 2432 911 2466 eruditus
938 2433 980 2475 ιβ
1092 2433 1251 2478 alienum,
1278 2435 1328 2470 cui
1363 2435 1397 2468 in
1434 2438 1558 2479 Regum
1595 2433 1701 2469 Libris
1729 2434 1854 2468 nullum

222 2476 259 2511 in
285 2478 351 2524 lege
379 2481 461 2519 Dei,
500 2481 668 2517 meditatus
701 2481 743 2523 es}
778 2482 918 2518 noHibus
944 2496 980 2519 ac
1092 2484 1295 2526 testimonium
1335 2487 1374 2519 de
1411 2484 1598 2531 perfeHione
1636 2484 1814 2529 perhibetur
1831 2486 1852 2519 .’

222 2527 355 2566 diebus.
381 2531 444 2566 Sed
468 2544 529 2566 non
554 2532 708 2569 audiendi
728 2532 806 2579 sunt
830 2532 890 2576 hi.
924 2534 981 2583 qui
1090 2534 1126 2572 io
1161 2534 1276 2582 quibus
1311 2535 1360 2571 ita
1393 2535 1529 2570 dicitur:
1568 2536 1616 2570 Est
1652 2533 1737 2570 fecit
1772 2536 1852 2578 Jons

1660 2584 1798 2621 ressum
