2216 3100
298 249 375 289 521

489 231 784 273 DISSERTA'I
796 232 851 272 10
887 229 1137 285 ‚QUADRA
1148 229 1207 268 Gt
1218 235 1358 269 biziis:
1372 232 1385 268 ἑ
1400 234 1495 270 etz]
1584 261 1594 272 .
1707 250 1725 286 5
1738 250 1750 272 ·.
1765 249 1784 272 z

231 292 404 340 regimine
445 288 659 325 Ravennatis
709 288 879 325 Ecclefiae
923 287 988 323 sese
1019 289 1062 336 Av
1084 286 1138 333 gis
1167 287 1301 321 Italici?
1331 288 1425 320 Haec
1453 287 1510 321 illi
1540 288 1704 324 nimirum
1736 290 1843 324 causis

230 342 431 384 abdicavit,
451 350 488 375 ut
509 351 735 376 monumenta
755 339 904 388 ejusdem
921 341 988 373 Ec-

229 392 349 428 clefiae
386 390 571 427 testantur.
606 393 724 436 Quare
761 390 922 438 Vilgardi
950 401 986 424 a·

229 442 285 478 &a
312 443 349 477 in
378 442 576 476 Annalibus
614 440 760 477 Baronii
788 440 982 487 anticipan-

227 493 270 527 da
317 491 506 531 videntur,
547 491 609 526 nisi
651 493 796 527 alterum
843 492 983 525 Petrum

226 544 466 578 Ravennatem
495 542 805 591 Archiepiscopum
829 540 917 576 mihi
945 553 984 575 o—

226 592 385 641 stendas;
422 602 482 628 aut
518 606 612 630 error
648 594 751 628 cubat
786 593 822 627 in
859 589 982 626 Glabri

225 643 449 679 narratione.
499 644 592 679 Heic
628 652 742 678 autem
781 650 901 688 petas:
946 639 981 675 Si

224 694 374 730 minime
401 693 490 743 apud
528 694 635 729 Italos
673 692 818 727 scholae
854 689 978 725 defide—

222 744 408 784 rabantur,
444 757 506 779 cur
537 753 608 778 tam
646 742 773 789 exigua
800 741 976 777 Literato-

222 807 298 831 rum
321 794 412 842 seges
432 794 513 828 inde
540 793 683 827 Saeculo
707 795 765 827 ix,
785 792 816 827 ὃ(
842 794 882 826 X.
903 805 977 839 ger-

222 843 397 880 minavit?
438 842 647 890 Responsum
678 842 814 889 accipe.
853 844 977 877 Parum

220 895 286 938 est,
323 893 463 929 Scholas
499 893 645 936 habere,
682 891 744 928 nisi
772 894 804 927 8<
835 891 978 927 scholae

218 944 375 994 egregios
402 943 552 978 habeant
581 942 785 991 Magistros,
813 956 831 978 e
851 943 977 990 quibus

218 994 334 1031 ornati
362 993 527 1041 do&ique
558 993 731 1041 Discipuli
758 994 792 1028 8<
821 993 975 1029 Audito-

217 1059 270 1082 res
298 1045 435 1094 prodire
474 1043 626 1092 poffint.
655 1046 707 1079 At
733 1046 772 1080 ea
798 1043 977 1091 tempesta-

218 1106 254 1132 te
282 1095 381 1143 pauci
410 1094 507 1143 supra
544 1096 642 1130 illam
671 1095 976 1134 Grammaticam‚

218 1147 315 1193 cujus
344 1154 445 1181 antea
473 1144 609 1180 mentio
646 1145 737 1180 fabia
764 1145 808 1181 est
825 1173 833 1185 ,
872 1146 971 1180 affur—

216 1198 370 1245 gebant-
413 1195 589 1235 Accedit,
632 1197 725 1242 quod
767 1196 889 1231 Seculo
932 1198 973 1230 X.

217 1246 373 1293 corrupti
402 1246 553 1281 nimium
582 1258 621 1281 ac
657 1245 843 1280 deformati
881 1244 974 1280 fuere

214 1296 420 1331 Italicorum
465 1308 604 1337 mores,
646 1294 697 1329 ita
739 1305 778 1330 ut
819 1308 862 1330 ne
901 1296 973 1342 ipia

211 1346 353 1393 quidem
389 1347 500 1380 Roma
535 1345 578 1379 ab
617 1343 814 1392 hujusmodi
852 1353 970 1379 conta-

210 1396 317 1445 gione
358 1408 478 1431 cavere
520 1393 580 1430 fibi
628 1394 808 1443 potuerit.
852 1396 972 1443 Nuper

210 1455 424 1481 memoratus
477 1445 717 1492 Liutprandus
779 1444 970 1492 Episcopus

209 1496 474 1537 Cremonensis,
525 1493 562 1530 &
617 1497 770 1543 Legatus
824 1495 969 1530 Ottonis

209 1546 336 1595 Magni
366 1545 514 1593 Augusti
544 1545 585 1580 ad
613 1547 825 1580 Graecorum
855 1545 964 1592 Impe-

207 1606 359 1632 ratorem
382 1623 393 1640 ,
432 1596 491 1632 ubi
528 1595 741 1643 legationem
781 1596 873 1630 suam
911 1597 965 1631 de-

208 1646 356 1686 scribit,
394 1647 435 1682 de
462 1658 580 1681 eorum
611 1656 807 1683 temporum
841 1649 966 1681 Roma—

206 1698 261 1732 nis
290 1698 371 1732 haec
409 1696 555 1732 scribit:
594 1698 659 1730 Eos
688 1709 738 1729 nos
768 1697 970 1743 Longobards'

204 1757 296 1783 tanto
330 1748 540 1793 dedignamur
560 1773 570 1787 ,
606 1756 642 1780 ut
678 1746 817 1781 inimicos
855 1747 968 1789 nostros

203 1798 345 1833 common*
371 1799 420 1832 m'l
445 1799 538 1832 aliud
563 1797 842 1839 contumelias-um,
880 1797 966 1842 nili,

202 1851 369 1890 Romane,
395 1849 554 1882 dicamus.
584 1849 689 1882 Tunc
717 1847 784 1883 fere
814 1848 963 1893 ubique,

202 1898 237 1933 &
267 1898 304 1933 in
332 1907 480 1943 utroque
507 1896 639 1938 Clero,
679 1906 782 1944 atque
821 1898 857 1933 in
885 1898 964 1946 ipsis

202 1948 312 1984 etiam
341 1947 590 1992 augustior-bus
617 1946 861 1992 Monasteriis‚
890 1962 958 1984 am·

202 1998 359 2041 hissoni,
387 1998 582 2036 avaritiae,
619 1998 653 2032 8(
695 1998 851 2034 luxuriae
888 2000 962 2035 lora

202 2049 439 2085 laxabantur.
468 2050 514 2083 Et
542 2060 650 2095 quum
678 2048 884 2095 disciplinae
914 2049 957 2085 sa-

201 2112 280 2135 crae
307 2100 404 2135 nulla
432 2108 492 2134 aut
519 2098 658 2134 modica
686 2099 880 2134 reverentia
901 2099 960 2135 ha—

202 2150 358 2185 beretur:
398 2152 476 2195 quis
504 2149 660 2196 stupeat,
697 2149 790 2195 quod
818 2149 960 2187 Literae

199 2199 385 2248 languidae
412 2199 448 2235 ἂ
474 2199 644 2247 depressae
670 2198 709 2235 in
738 2199 863 2244 Italia,
890 2200 959 2236 im·

199 2262 260 2286 mo
286 2251 319 2285 ἃ
348 2261 445 2286 extra
474 2251 612 2286 Italiam
633 2277 643 2293 ‚
680 2259 783 2295 caput
810 2250 976 2288 minime«

197 2308 287 2336 tunc?
310 2298 530 2336 extulerint?
561 2299 652 2336 Vide
687 2301 799 2336 rursus
829 2301 956 2338 Rathe-

199 2363 291 2390 rium
332 2350 444 2399 ipsum
485 2352 576 2387 Part.
613 2363 647 2386 2.
682 2351 724 2386 de
760 2353 956 2390 Contemtu

199 2402 385 2437 Canonum
402 2426 412 2442 ‚
449 2402 509 2449 qui
538 2401 571 2437 se
597 2403 870 2450 interrogantem
900 2404 953 2438 in-

198 2450 320 2486 ducit:
349 2465 400 2486 cur
423 2463 498 2499 prae
524 2454 622 2487 ceteri,
658 2452 806 2499 gentibus
835 2454 954 2497 Bapti-

193 2502 262 2546 Jmo
289 2504 426 2544 renatis,
461 2513 655 2538 contemtores
690 2505 865 2538 Canomcae
891 2507 944 2538 Le-

192 2551 247 2600 gis
275 2552 319 2592 (9-
348 2551 548 2599 vilipensores
576 2554 763 2589 Clericorum
791 2554 861 2597 sint
885 2568 954 2591 ma-

1090 336 1249 372 videtur:
1281 336 1441 381 ‚Quoniam
1467 339 1592 383 quidem
1619 340 1843 378 libidinosiores

1087 400 1157 431 eos,
1188 388 1231 421 (9⁶
1262 397 1491 433 ptgmentorum
1526 401 1668 422 venerem
1704 392 1844 423 nutrim-

1087 438 1166 471 tium
1188 438 1381 485 frequentior
1410 438 1502 481 usus,
1530 438 1572 472 (J
1599 438 1673 472 w‘m'
1699 440 1845 473 contimm

1083 489 1226 534 potatio,
1254 487 1299 526 &¹
1328 489 1534 535 negligentior
1559 488 1730 532 disciplina
1766 490 1845 532 sessi-s

1084 538 1243 573 doctorum
1280 538 1351 577 &a
1393 538 1540 574 Proinde
1577 538 1718 583 subdit,
1753 539 1845 574 nihil

1085 601 1104 623 a
1131 589 1201 624 ritu
1231 588 1342 626 Laico
1368 590 1526 625 Clericus
1554 589 1733 625 distinfi‘ios
1761 589 1845 625 fui!-

1085 637 1117 673 se
1134 665 1145 682 ,
1187 639 1249 675 nifi
1291 641 1384 688 quod
1424 639 1462 676 hi
1505 640 1643 675 barbam
1685 641 1844 676 raderent

1086 688 1282 734 (barbirasio
1310 691 1366 726 hic
1387 690 1474 726 ritus
1501 688 1563 738 ips1
1594 690 1761 726 Ratherio
1784 704 1844 737 ap—

1085 739 1259 788 pellatur)
1287 738 1325 776 &
1354 740 1504 787 capitis,
1544 752 1583 775 ac
1609 741 1843 786 aliquantulam

1083 790 1215 830 vestium
1243 792 1528 835 aiffimilitndinem
1556 803 1575 826 a
1598 791 1717 826 Laicis
1746 804 1840 837 pra:—

1084 838 1230 875 ferrent.
1251 842 1297 875 Et
1317 841 1489 889 Gregorio
1510 840 1652 888 quidem
1674 843 1754 876 VII.
1780 843 1843 876 Pa-

1084 902 1124 937 pa
1154 889 1233 925 teste
1260 891 1342 927 Lib.
1371 894 1403 927 8.
1433 890 1583 938 Epistola
1602 891 1757 935 decima,
1784 897 1843 927 Os-

1081 941 1246 975 cidemalis
1277 941 1430 982 Ecclesiae
1456 942 1567 976 clerus
1603 944 1644 976 ab
1678 942 1753 988 ipsis
1779 943 1842 977 Fi-

1079 992 1133 1024 dei
1173 991 1374 1033 Christianae
1406 992 1586 1039 primordiis
1622 994 1752 1027 barbam
1789 1006 1841 1027 ra-

1079 1042 1178 1075 dendi
1204 1055 1313 1076 morem
1340 1043 1461 1079 tenuit.
1487 1045 1623 1079 Contra
1651 1043 1839 1078 Clerici&

1079 1091 1278 1128 Sacerdotes
1306 1093 1453 1132 Graeci,
1491 1104 1530 1129 ut
1567 1093 1688 1128 scribit
1728 1094 1840 1129 Nico-

1077 1143 1151 1177 laus
1180 1144 1206 1178 1.
1238 1144 1326 1191 Papa
1363 1144 1400 1179 in
1439 1143 1504 1180 suis
1543 1143 1733 1190 Epistolis,
1762 1144 1839 1179 bare

1034 1212 1039 1213 ⁷
1078 1193 1154 1227 bam
1175 1193 1400 1243 nutriebant3
1419 1194 1531 1230 immo
1549 1194 1720 1238 Latinos,
1742 1194 1836 1242 quod

1076 1244 1148 1277 alio
1161 1245 1229 1279 ritu
1245 1244 1424 1285 viverent,
1441 1244 1708 1280 insimulabant:
1728 1258 1834 1293 quam

1075 1293 1254 1329 ridendam
1297 1295 1529 1342 quaestionem
1559 1296 1692 1344 agitare
1719 1295 1836 1331 can’ti

1076 1341 1152 1376 sunt
1178 1346 1310 1379 Aeneas
1341 1345 1530 1381 parisiensis
1559 1345 1771 1394 Episcopus,
1799 1348 1834 1381 δε

1077 1393 1283 1428 Rati-amnas
1311 1396 1508 1431 Monachus
1534 1395 1754 1443 Corbejenfis
1775 1397 1836 1432 ad-

1075 1443 1189 1478 versus
1231 1445 1408 1480 Graecos.
1451 1447 1574 1481 Seculo
1611 1447 1735 1482 deinde
1773 1449 1834 1483 XI.

1074 1493 1194 1527 Petrus
1232 1506 1372 1541 quoque
1402 1496 1567 1531 Damiani
1606 1496 1688 1532 Lib.
1718 1498 1834 1544 primo

1071 1542 1224 1589 Epistola
1253 1546 1331 1579 XV.
1360 1546 1506 1579 Reclom
1546 1546 1753 1587 Ecclestarum
1781 1548 1833 1583 ait

1070 1602 1160 1627 tanto
1186 1597 1364 1629 mundanae
1389 1596 1562 1642 vertiginis
1589 1598 1688 1630 rotari
1714 1598 1834 1642 impal-

1003 1641 1036 1674 D
1066 1644 1128 1687 su,
1164 1655 1201 1678 ut
1227 1657 1274 1679 eos
1309 1660 1329 1679 a
1364 1646 1587 1681 saecularibus
1622 1646 1831 1686 barbirasium

1069 1694 1193 1740 quidem
1219 1695 1373 1737 dividat,
1401 1696 1453 1735 led
1471 1694 1556 1730 afilia
1576 1710 1636 1730 non
1654 1697 1830 1740 discernat.

1069 1746 1138 1779 Sub
1157 1745 1265 1780 Clero
1285 1754 1356 1781 tam
1378 1745 1612 1793 incomposito
1640 1747 1805 1794 quosnam
1819 1775 1830 1792 ,

1068 1795 1215 1842 quaeso,
1241 1807 1401 1843 putemus
1423 1796 1519 1832 fuisse
1540 1798 1730 1833 Laicorum
1753 1812 1830 1834 mo-

1066 1858 1118 1880 res
1146 1859 1185 1881 ac
1214 1845 1392 1882 inscitiam
1421 1849 1566 1883 Saeculo
1593 1848 1725 1884 Christi
1758 1851 1830 1885 De-

1067 1896 1161 1931 cimo
1177 1894 1190 1930 ?

1118 1949 1242 1994 Neque
1261 1947 1540 1994 praetermittam
1554 1974 1564 1990 ,
1585 1947 1626 1983 ad
1648 1961 1828 1985 remoran-

1064 1995 1144 2031 dum
1185 1998 1400 2043 temporibus
1437 1998 1482 2034 iis
1510 1998 1710 2035 Literarum
1745 2013 1826 2046 pro-

1063 2048 1207 2094 gressum
1238 2061 1308 2083 non
1338 2050 1455 2095 parum
1485 2047 1690 2085 confluxisse
1718 2064 1825 2098 penu-

1063 2097 1150 2132 riam
1188 2097 1367 2137 Chartae,
1403 2112 1471 2146 qua
1507 2112 1570 2135 nos
1607 2101 1649 2135 ab
1684 2101 1824 2148 aliquot

1063 2148 1194 2183 Seculis
1219 2149 1453 2185 abundamus.
1479 2152 1618 2186 Praeter
1641 2150 1823 2188 Membra-

1063 2210 1122 2233 nas
1151 2198 1346 2238 Romanis,
1382 2200 1462 2236 dum
1493 2213 1605 2236 rerum
1638 2201 1821 2248 potieban-

1062 2257 1144 2292 tur,
1175 2249 1452 2297 vulgatiffimas‚
1489 2252 1627 2298 aliaque
1662 2251 1703 2286 ad
1735 2251 1819 2288 scri-

1062 2308 1197 2346 pturam
1226 2300 1468 2348 excipiendam
1506 2301 1651 2344 idonea,
1687 2301 1724 2336 in
1756 2302 1816 2339 usu

1060 2349 1153 2386 fuere
1174 2351 1413 2398 Aegyptiacae
1441 2350 1655 2400 potissimum
1687 2352 1814 2399 Papyri

1060 2399 1127 2437 five
1155 2401 1338 2450 philyrae,
1366 2415 1452 2450 quae
1482 2401 1547 2437 vili
1584 2402 1814 2444 emebantur,

1027 2449 1033 2535 Ι
1058 2450 1149 2488 itaut
1177 2466 1195 2488 a
1222 2453 1392 2489 Literazis
1420 2451 1528 2492 viris,
1564 2451 1647 2487 dum
1679 2466 1814 2489 crume-

1058 2515 1099 2538 na
1120 2503 1268 2539 omnino
1288 2503 1470 2551 exsanguis
1488 2515 1559 2537 non
1580 2502 1682 2542 effet‘,
1701 2503 1814 2541 Char-

1023 2538 1031 2600 ἱ
1055 2562 1091 2591 ta
1108 2554 1213 2591 facile
1231 2563 1430 2603 pararetur,
1446 2552 1504 2590 cui
1522 2558 1582 2590 lua
1601 2552 1693 2590 senia
1714 2567 1817 2593 com-‚r

1637 2606 1761 2641 mitte—
