2216 3100
258 253 335 300 165
552 241 771 283 DffiSeffl
774 241 915 281 ATJO
962 235 1449 282 TRJGESJMANONA.
1674 253 1687 280 1
1699 243 1756 279 65

195 301 325 338 durasse
352 301 442 336 hunc
468 312 601 335 morem
630 298 771 333 testatur
800 300 950 344 Anony-
981 300 1025 335 A
1052 295 1202 330 Wadiam
1239 293 1319 329 dare
1346 294 1555 342 cogebatur,
1592 294 1659 330 hoc
1698 295 1741 330 est
1770 292 1811 329 fi-

195 365 272 388 mus
290 351 446 394 Aussor,
463 350 560 397 cujus
579 348 786 384 Tra&atum
806 349 949 383 Mstum

193 404 233 437 de
258 400 461 437 Generatione
487 401 660 446 aliquorum
696 399 827 433 Civium
856 398 951 433 Urbis

194 453 322 489 Paduae
358 448 529 498 poffideo.
558 449 613 485 Ibi
651 448 733 485 haee
763 450 946 497 leguntur:

194 500 328 538 Cavacii
358 500 488 544 suerunt
522 500 642 534 divites
678 500 847 546 Populares
872 508 948 532 tcm-

189 561 263 598 pore
289 551 423 595 Ezerini
449 552 487 584 de
510 554 652 584 Romano
679 550 713 583 in
742 550 813 583 Vico
837 548 951 583 Sanffi

194 601 336 642 Urbani,
363 601 418 647 qui
443 611 516 634 ante
551 600 731 642 exstiterant
765 599 950 645 Campiones

192 649 362 686 bellorum.
397 650 490 684 Talis
525 650 606 684 enim
642 659 709 684 crat
734 651 950 696 Antiquomm

191 701 390 745 consuetudo.
418 701 457 735 Si
482 701 543 736 duo
570 700 697 734 Nobiles
725 709 781 734 aut
811 709 949 746 potentes

191 751 326 788 hemines
349 752 430 785 inter
447 751 478 795 [ε
500 749 696 785 homicidium
720 748 949 794 cemmififfsz-zt,

192 810 323 848 utraque
343 812 417 847 pars
444 801 626 835 inveniebat
645 800 709 840 filn‘
735 813 830 834 unum
855 802 949 833 Cam-

190 851 310 898 pionem
335 851 464 895 preii0;
489 852 533 896 (9'
568 852 715 885 ordinatii
741 851 793 884 die
828 851 862 884 hi
891 851 951 883 duo

190 902 376 948 Campiones
403 901 489 935 irtra
515 900 720 948 [langaratum
747 903 827 947 quod
856 899 951 945 juxta

191 954 319 987 Portam
354 952 528 986 Baxamlli
563 962 629 985 erat
665 951 863 989 ordinatum,
896 962 947 995 po

193 1003 344 1045 uebatur,
367 1003 410 1036 &
428 1002 653 1036 claudebantur
677 1001 793 1034 aimei
813 1000 927 1046 clypeis
941 1027 950 1040 ,

193 1050 338 1091 baculis,
365 1050 410 1088 ἐφ’
447 1051 629 1094 ηιαῙσένανίὶς
664 1054 699 1084 de
726 1051 813 1096 ligno
840 1049 953 1095 (idest

194 1101 322 1135 larvati
350 1100 555 1136 incedebant
583 1099 752 1145 ejusmodi
780 1098 952 1147 Campio-

194 1163 274 1185 nes:
306 1151 401 1197 cujus
439 1151 525 1185 ritus
564 1150 744 1197 vestigium
784 1150 950 1196 nusquam

193 1200 280 1235 alibi
319 1199 408 1234 mihi
444 1200 641 1245 occurrir).
681 1202 726 1232 Et
763 1200 839 1240 ille,
866 1198 953 1241 cujus

195 1249 328 1294 &amplo
367 1249 480 1282 bellum
517 1249 667 1291 Jusimere
708 1260 768 1280 non
806 1257 952 1290 poterat,

194 1299 454 1333 condemnabatur
480 1297 514 1330 in
541 1308 621 1330 certa
646 1296 793 1342 pecuniae
823 1297 947 1343 quanti-

144 1378 145 1381 ,
192 1357 258 1382 tate
283 1348 448 1382 Communi
474 1349 604 1382 paduae
633 1346 860 1392 persolvenda.
889 1345 951 1380 Sed

192 1400 296 1446 longe
317 1397 505 1433 atrociores
529 1397 663 1432 scaenas
688 1396 803 1431 videre
828 1399 951 1431 Saecu—

194 1450 228 1484 la
257 1449 481 1495 subsequuta.
511 1450 594 1483 Non
622 1446 785 1489 fustibus,
813 1446 867 1481 sed
900 1459 953 1481 ar-

194 1499 263 1534 mis
291 1497 545 1536 funestiffimis‚
570 1510 588 1532 a
616 1506 739 1545 gente,
764 1505 802 1532 ut
827 1497 876 1531 ita
900 1496 953 1532 di-

196 1561 295 1589 cam,
322 1547 375 1584 fu.
378 1558 457 1584 ente
484 1561 535 1583 res
566 1547 810 1595 peragebatur.
845 1545 937 1582 Cere

196 1612 273 1634 rum
315 1598 511 1655 antiquitus
549 1597 710 1641 homini,
740 1597 800 1645 qui
838 1597 954 1633 vifflzus

189 1648 227 1684 in
265 1648 456 1684 certamine
493 1648 658 1690 cadebat,
684 1658 812 1694 propter
845 1647 953 1693 perju-
988 1659 999 1675 11

189 1700 295 1742 rium,
330 1702 412 1746 quod
446 1709 520 1733 ante
552 1709 693 1744 pugnam
735 1698 953 1741 commiserat,

193 1751 320 1784 dextera
346 1762 458 1784 manus
493 1749 742 1794 amputabatur:
768 1761 870 1795 quam
901 1758 951 1783 ta-

192 1812 272 1835 men
301 1812 448 1847 poenam
477 1798 622 1846 quisque
650 1798 764 1846 pretio
802 1797 953 1845 persolu—

194 1859 233 1884 to
260 1849 428 1885 redimere
464 1848 666 1884 consuevit.
704 1848 846 1884 Scilicet
883 1862 952 1884 non

192 1898 330 1942 solum,
367 1908 405 1934 ut
442 1898 480 1933 in
517 1900 612 1947 Lege
649 1901 764 1934 XVlI.
802 1899 884 1935 Lib.
917 1900 951 1935 6.

194 1948 408 1997 Liutprandi
453 1947 618 1987 habetur,
658 1949 950 1996 praemittendum

191 1999 402 2047 provocanti
429 2007 502 2033 erat
539 1998 774 2046 jusjurandum
792 2027 800 2043 ‚
829 1999 860 2034 se
890 2014 950 2047 pu-

192 2061 296 2096 gnam
325 2062 384 2082 non
412 2049 474 2089 alio
500 2050 605 2083 animo
639 2048 777 2095 obtuh'ffe
788 2063 807 2091 ;
835 2049 888 2084 sed
916 2063 950 2084 e-

191 2099 279 2134 tiam
309 2107 453 2145 uterque
481 2098 642 2146 litigator
669 2108 768 2134 antea
796 2099 951 2145 jurabat,

193 2149 226 2185 se
263 2162 325 2197 pro
362 2162 428 2184 una
459 2149 606 2184 veritate
642 2158 852 2184 certaturum
872 2176 881 2192 ‚
912 2160 950 2185 ut

190 2199 294 2235 habes
322 2200 359 2234 in
388 2199 562 2234 Formulis
585 2198 740 2246 antiquis
767 2200 807 2234 ad
837 2201 949 2247 Leges

189 2250 451 2298 Langobardor.
466 2248 613 2284 Orionis
634 2248 679 2284 II.
703 2251 790 2284 Part.
808 2249 853 2284 11.
871 2251 946 2285 To-

189 2300 240 2335 mi
278 2301 304 2336 l.
343 2302 420 2335 Rer.
458 2299 608 2335 Italicar.
648 2299 773 2334 Victus
812 2303 892 2335 vero
929 2314 948 2336 e

191 2350 335 2398 vestigio
355 2346 644 2398 censebatmspro
671 2349 818 2385 falsitate
845 2350 881 2385 in
909 2363 946 2386 a-

190 2412 308 2435 renam
335 2400 560 2436 descendisse.
589 2400 651 2435 Ast
687 2400 746 2435 ubi
784 2400 946 2437 condifita

189 2459 263 2485 erat
303 2462 442 2498 pugna,
483 2464 575 2498 quam
618 2450 766 2499 (inquit
808 2451 945 2499 Regino

190 2499 270 2535 Lib.
300 2512 332 2536 2.
360 2503 446 2549 Cap.
467 2513 526 2549 77.
546 2500 587 2535 de
607 2501 737 2537 Eccles.
769 2501 942 2550 Discipl.)

194 2549 287 2591 nostri
321 2553 473 2598 Campum
507 2561 642 2597 vocant,
682 2561 828 2601 utraque
868 2565 945 2601 pars

1051 344 1282 393 dejufforem,
1322 341 1391 378 five
1428 344 1551 392 pignus
1579 344 1744 381 exhibere
1769 345 1811 380 de

1053 408 1166 444 pugna
1189 371 1304 442 reapse
1331 393 1544 442 peragenda,
1573 407 1615 428 ne
1642 394 1709 429 fine
1731 408 1813 440 poe-

1053 459 1096 482 na
1123 445 1278 481 recedere
1306 458 1348 479 ex
1376 444 1597 492 obligatione
1625 443 1657 478 ei
1702 444 1789 490 poste
1795 458 1813 479 a

1052 496 1195 532 liceret.
1223 497 1340 530 Tanta
1368 504 1484 530 autem
1514 494 1583 529 fuit
1608 494 1724 529 divini
1756 507 1814 540 pa-

1052 546 1199 582 trocinii
1236 545 1308 592 spes
1355 545 1393 580 in
1435 543 1680 580 abominandis
1721 543 1812 580 hisce

1054 595 1305 632 certaminibus
1329 620 1339 635 ‚
1382 604 1421 630 ut
1462 595 1620 638 johanne
1662 595 1815 630 Sarisbe-

1053 646 1154 682 riensi
1181 646 1220 682 in
1247 646 1391 693 Epistol.
1423 651 1505 693 169.
1534 644 1682 692 aliisque
1719 643 1815 680 testi-

1055 698 1138 741 bus,
1170 695 1336 731 certaturi
1373 695 1513 731 noffiem
1551 695 1813 744 praecedentem

1054 747 1218 782 ducerent
1258 746 1453 781 insomnem
1495 745 1533 781 in
1574 747 1728 793 Templo
1771 745 1813 781 ad

1055 799 1231 833 tumulum
1260 797 1407 854 aulicujus
1436 795 1574 835 δεηξὶί,
1603 805 1641 831 ut
1668 808 1746 831 eum
1775 796 1813 831 in

1054 861 1164 896 agone
1185 847 1377 895 propitium
1400 847 1658 895 experirentur.
1689 848 1814 894 Neque

1056 908 1172 933 tamen
1205 898 1453 945 cogitandum,
1492 897 1648 944 antiquis
1678 907 1815 944 tempo-

1056 949 1149 983 ribus
1178 947 1312 983 licuisse
1337 947 1544 995 cuicumque
1565 948 1606 982 ad
1627 946 1814 983 arbitrium

1056 998 1152 1034 suurn
1169 1023 1180 1038 ‚
1207 999 1240 1032 δε
1270 1011 1332 1045 pro
1353 1011 1571 1046 quacumque
1592 997 1722 1036 cantra,
1751 1011 1815 1045 pu-

1057 1061 1159 1096 gnam
1198 1048 1321 1083 offerre
1358 1058 1462 1095 atque
1499 1048 1690 1096 suscipere:
1721 1047 1815 1095 quod

1056 1099 1220 1134 effrenata
1248 1098 1393 1133 licentia
1421 1097 1644 1146 posteriorum
1673 1099 1815 1133 Seculo-

1056 1162 1132 1184 rum
1160 1148 1326 1184 invexit.
1365 1150 1496 1184 Paucae
1532 1156 1630 1184 erant
1657 1149 1815 1192 caussae,

1010 1212 1018 1227 :
1055 1211 1183 1245 eaeque
1210 1212 1228 1232 a
1267 1198 1421 1246 Legibus
1457 1198 1711 1246 praescriptae,
1751 1212 1813 1247 pro

1056 1248 1203 1292 quibus,
1232 1260 1339 1293 quum
1368 1247 1472 1282 dubia
1502 1248 1545 1283 lis
1573 1259 1668 1291 erat,
1697 1249 1738 1284 ad
1760 1262 1815 1284 ar·-

1056 1309 1111 1330 ma
1141 1296 1172 1330 se
1202 1305 1405 1331 convertere
1440 1297 1573 1345 licuit3
1611 1298 1649 1332 in
1689 1298 1812 1335 ceteris

1056 1344 1148 1380 nefas
1177 1345 1267 1381 fuit.
1305 1345 1418 1380 Hasce
1456 1347 1609 1390 caussas,
1646 1361 1734 1395 quae
1761 1356 1815 1384 ta-

1056 1408 1135 1431 men
1163 1396 1292 1443 ubique
1320 1395 1452 1444 semper
1483 1409 1700 1444 nequaquam
1738 1411 1816 1433 eae—

1056 1446 1131 1481 dem
1162 1445 1282 1489 fuere,
1324 1456 1540 1482 enumeratas
1570 1448 1649 1483 vide
1677 1449 1719 1483 ab
1749 1450 1816 1483 Al-

1055 1497 1170 1535 ciato,
1200 1496 1321 1531 Fausto
1349 1496 1390 1532 de
1419 1497 1628 1546 Longiano‚
1668 1499 1815 1544 Lando,

1055 1546 1201 1593 aliisque
1231 1546 1365 1582 Italicis
1386 1547 1621 1595 Scriptoribus
1642 1549 1682 1584 de
1707 1550 1816 1584 Duel-

1056 1598 1110 1632 lo.
1139 1596 1284 1632 Easdem
1311 1610 1449 1644 quoque
1469 1598 1622 1634 recenset
1644 1601 1751 1634 Du-s“
1724 1613 1817 1634 ksan-

1055 1647 1131 1695 gius
1169 1661 1211 1682 ex
1252 1647 1536 1684 Bellomanerio.
1576 1651 1652 1707 Ego
1689 1650 1730 1684 ab
1767 1650 1813 1685 iis

1056 1697 1242 1732 referendis
1271 1697 1447 1737 abstineo,
1483 1712 1526 1734 ne
1563 1699 1694 1734 nimius
1723 1699 1812 1748 fim;

1056 1748 1391 1795 praeterquamquod
1419 1748 1456 1784 in
1484 1749 1748 1785 Additamentis
1770 1751 1812 1785 ad

1056 1798 1337 1844 Langobardicas
1365 1800 1476 1845 Leges
1506 1812 1578 1847 pag.
1609 1803 1689 1847 163.
1721 1802 1812 1836 Part.

1057 1850 1100 1883 11.
1129 1848 1240 1883 Tomi
1273 1850 1300 1883 I.
1333 1850 1410 1883 Rer.
1441 1849 1593 1885 Italicar.
1623 1850 1742 1898 jandiu
1773 1864 1810 1885 e-

1055 1898 1202 1946 vulgavi
1245 1898 1430 1933 intentiones
1451 1926 1462 1944 ‚
1502 1901 1584 1934 unde
1621 1911 1677 1945 per
1716 1904 1814 1947 Leges

1051 1951 1147 1996 porc-li
1174 1949 1281 1983 haberi
1307 1962 1434 1996 pugna.

1105 1999 1211 2044 Quod
1250 2000 1431 2047 praecipue
1467 2000 1505 2036 in
1535 2000 1600 2036 hoc
1628 2013 1812 2049 argumen-

1054 2059 1092 2084 to
1120 2048 1400 2084 considerandum
1422 2049 1487 2092 est,
1517 2061 1554 2086 ut
1581 2051 1811 2087 humanarum

1054 2100 1226 2134 mentium
1255 2098 1443 2135 infirmitas
1471 2101 1553 2137 hinc
1578 2101 1685 2137 etiam
1713 2103 1811 2137 lucu-

1054 2148 1183 2184 lentius
1212 2160 1398 2198 appar‚eat
1427 2162 1525 2186 erant
1553 2161 1644 2188 certe
1672 2153 1728 2187 vel
1749 2165 1810 2187 an-

1054 2199 1164 2246 tiquis
1184 2200 1423 2247 temporibus
1452 2201 1513 2249 qui
1539 2200 1609 2238 fera
1631 2202 1809 2250 hujusmo-

1054 2249 1090 2285 di
1118 2259 1221 2297 atque
1247 2249 1366 2285 insana
1403 2251 1596 2300 spe&acula
1631 2252 1808 2300 improba-

1055 2301 1159 2344 bant,
1187 2313 1295 2347 eaque
1331 2301 1463 2338 divinis
1500 2302 1670 2339 adversari
1698 2302 1806 2349 Legi-

1054 2350 1115 2385 bus
1143 2351 1419 2388 contendebant.
1458 2353 1551 2389 inter
1586 2367 1671 2400 quos
1709 2365 1806 2397 prae·-

1052 2399 1171 2436 sertim
1203 2401 1329 2437 effulfit
1354 2403 1562 2451 Agobardus
1592 2401 1806 2450 Lugdunen-

1052 2449 1092 2486 fis
1131 2451 1282 2487 Antistes
1317 2451 1377 2488 sub
1413 2454 1600 2490 Ludovico
1639 2452 1701 2487 Pio
1730 2453 1807 2487 Au-

1052 2500 1146 2550 gusto
1173 2503 1210 2537 in
1239 2502 1319 2539 Lib.
1348 2503 1508 2539 adversus
1544 2505 1675 2550 Legem
1707 2504 1807 2537 Gun-

1051 2552 1199 2588 dobadi.
1228 2552 1377 2590 Instabat
1403 2553 1487 2599 ille,
1515 2561 1553 2591 ut
1578 2551 1698 2588 Duelli
1728 2551 1805 2589 usus

1099 2604 1133 2639 L
1186 2614 1210 2639 a
1614 2616 1632 2640 e
1660 2603 1756 2652 Lug-
