2216 3100
308 220 355 260 55
367 221 384 260 3
505 200 872 244 mssffltmwo
903 201 1600 260 ‚QUADRAGJJ‘SJMAIERTJA.
1727 224 1810 267 354

245 265 368 299 cabulo
395 261 588 310 appellatos
627 260 744 296 videas
772 274 790 296 a
818 261 997 297 Caffiodo·
1022 265 1069 299 ,A

243 315 326 358 rio,
366 311 526 355 Ifidoro,
567 320 672 359 atque
713 311 816 348 aliis.
859 314 997 349 Horum

243 363 340 407 fuit,
367 372 500 398 veteres
527 361 718 398 describere
745 362 899 401 Libros,
939 371 1000 398 aut

242 427 352 451 novos
373 440 384 458 ,
429 412 586 448 difflante
631 414 834 461 plerumque
878 412 999 460 aliquo

241 463 476 509 scriptoribus
531 464 652 499 multis
684 491 693 507 ‚
756 466 999 498 commendare

241 514 476 550 membranis.
514 516 718 549 Innumeros
755 513 910 562 profeci&
937 527 996 548 an·

239 565 419 613 tiquorum
448 565 598 601 Codices
626 565 812 604 habemus,
841 577 858 599 a
885 563 997 599 doc'stis

240 616 327 651 viris
368 625 554 659 exaratos,
591 616 624 650 8<
662 615 794 650 idcirco
835 614 992 648 emenda-

239 676 325 710 tos,
369 667 555 715 magnique
596 677 687 700 nunc
723 664 829 699 etiam
869 663 994 698 facien-

238 717 320 753 dos.
349 716 522 752 Monachi
550 713 732 762 praecipue
761 713 883 748 horum
914 713 993 749 scri-

238 776 354 815 ptores
399 766 519 801 fuere.
562 762 838 812 Antiquiori'nus
880 773 994 799 autem

236 816 389 860 Seculis,
428 815 493 850 hoc
521 814 565 850 est
593 825 672 850 ante
700 814 928 849 Barbarorum
959 816 995 850 in

235 867 340 902 Italia
381 869 560 913 Regnum,
596 864 632 900 in
671 874 828 900 accurate
870 865 995 900 descri-

235 918 355 953 bendis
378 915 497 951 Libris
513 925 617 962 atque
634 914 880 957 emendandis,
904 918 993 951 mul»

234 975 310 1002 tum
333 979 432 1001 curae
453 965 739 1007 impendebatur.
771 968 889 1013 Atque
917 966 994 1002 heic

233 1017 324 1053 mlhi
362 1016 399 1052 in
436 1018 642 1051 memoriam
680 1015 770 1051 redit
808 1016 994 1065 inscriptio

234 1070 367 1103 Romae
396 1065 524 1114 posita,
553 1075 657 1113 atque
684 1068 847 1115 evulgata
869 1081 888 1103 a
911 1068 990 1104 Rei-

233 1117 346 1157 nesto,
381 1117 496 1153 Claffe
532 1119 594 1152 xl.
633 1116 864 1164 Num.'11.3.
900 1117 993 1154 hisce

233 1168 347 1204 verbis
359 1193 369 1204 .

431 1278 513 1311 CN.
540 1277 787 1310 POMPEIUS

502 1337 717 1386 PHRixu's

506 1426 714 1460 Docroa

428 1501 697 1537 LIBRARtUS
719 1501 782 1535 DE

464 1577 627 1612 SACRA
657 1577 747 1612 vm

426 1653 574 1687 Facu*
600 1653 691 1686 5131
719 1652 785 1686 ET

326 1728 420 1764 ΜΒ.
458 1728 879 1773 LIBERTABUSQVE

350 1803 627 1848 POSTERISQ
655 1804 854 1839 Bonum.

223 1909 383 1947 Reinefio
403 1919 521 1947 tamen
543 1911 660 1947 Doflor
679 1911 844 1946 LIbrarius
873 1912 982 1959 inepta

219 1962 332 1996 locutio
357 1962 508 2006 videtur,
544 1972 621 1996 certe
648 1975 708 1996 non
735 1976 771 1996 ex
797 1963 852 2005 usu
887 1963 982 2008 prisci

219 2013 366 2048 saeculi.
392 2014 514 2057 Itaque
537 2013 673 2047 mavult
701 2012 813 2060 legere
834 2015 979 2048 STRU-

1387 324 1433 359 D.
1535 323 1590 360 Μ.

1209 398 1254 433 Τ.
1282 397 1482 435 FLAVIO.
1513 400 1766 438 ExPEDITo

1222 474 1460 510 DOCTORI.
1492 477 1751 515 SAGITTAR

1208 550 1424 589 FLAVIA,
1448 552 1764 591 EUPHROSINE

1225 625 1304 661 ΕΓ.
1331 627 1543 662 ATTICA.
1572 630 1741 666 FILIAE

1333 701 1498 737 PATRI.
1527 703 1566 738 B.
1595 701 1640 738 M

1104 812 1176 849 Hic
1204 816 1330 850 Artem
1368 815 1557 864 sagittandi
1595 817 1729 855 milites
1765 827 1863 867 tyro-

1104 878 1162 899 nes
1189 865 1382 909 edocebat,
1422 876 1523 912 prout
1551 868 1584 902 ὃς
1612 871 1654 903 ab
1682 869 1784 906 icone
1812 875 1864 907 la-

1104 914 1178 962 pidi
1199 915 1331 963 adjech
1353 916 1503 953 constat.
1532 920 1636 963 Apud
1661 922 1863 958 Fabrettum

1102 978 1242 1013 quoque
1278 969 1364 1015 Cap.
1403 969 1467 1003 111.
1503 981 1576 1017 pag.
1620 982 1698 1017 143.
1739 972 1865 1008 Inscri-

1104 1019 1216 1064 ption.
1243 1018 1506 1065 Antiquarum,
1535 1019 1662 1068 positus
1683 1020 1727 1056 est
1754 1022 1863 1072 Lapis

1179 1119 1414 1155 AURELIO.
1455 1122 1788 1160 HERACLIDAE

1337 1196 1626 1233 AGlTATORt

1203 1271 1485 1307 FACTIONIS.
1517 1275 1759 1310 VENETAE

1312 1348 1388 1381 ET.
1420 1349 1647 1384 DOCTORI

1101 1418 1383 1456 FACTIONIS.
1404 1423 1435 1457 S.
1456 1424 1487 1457 S.
1510 1425 1587 1459 ET.
1610 1426 1858 1463 PRASINAE

1101 1519 1153 1553 Ita
1169 1518 1256 1555 &in
1277 1520 1386 1556 altera
1404 1521 1658 1570 inscriptione,
1680 1539 1755 1575 pag.
1778 1530 1860 1574 189.

1099 1578 1314 1606 memoratur
1332 1572 1631 1609 THREPTION
1652 1578 1783 1612 CAES,
1812 1581 1855 1613 Ν,

1099 1619 1203 1664 idest,
1224 1622 1368 1663 Caesaris
1384 1624 1478 1663 nostri
1494 1623 1630 1667 servus,
1653 1628 1859 1663 DOCTOR

1098 1672 1320 1708 THRAEC.
1345 1672 1578 1718 interpretor,
1605 1676 1722 1710 Dofz‘or
1741 1678 1861 1713 Thrae-

1094 1722 1178 1758 σίνε.
1208 1724 1378 1762 Thraeces,
1406 1737 1532 1773 nempe
1559 1726 1783 1771 Gladiatores,
1811 1729 1853 1764 de

1097 1772 1222 1821 quibus
1261 1774 1374 1810 Festus
1411 1775 1482 1822 post
1522 1776 1714 1817 Tullium,
1756 1781 1860 1815 Sene-

1096 1836 1194 1868 cam,
1222 1825 1255 1859 8<
1285 1826 1393 1860 alios.
1423 1826 1514 1862 Vide
1544 1827 1741 1874 praesertim
1770 1830 1859 1877 Lip-

1095 1873 1180 1910 fium
1209 1874 1291 1910 Lib.
1322 1888 1353 1910 2.
1383 1874 1472 1924 Cap.
1501 1889 1536 1923 9.
1564 1879 1735 1913 Saturnal.
1758 1881 1858 1925 Qua-

1094 1938 1130 1960 re
1158 1925 1210 1960 uti
1239 1927 1345 1961 Artes
1372 1924 1456 1961 illae
1484 1926 1560 1962 suos
1590 1927 1759 1964 Dossores
1797 1930 1857 1966 ha·-

1095 1975 1219 2019 buere,
1240 1976 1290 2011 ita
1314 1975 1536 2012 Reinefianus
1556 1977 1619 2013 ille
1639 1981 1740 2013 cneus
1760 1984 1854 2015 Pom-

1089 2025 1182 2072 pejus
1217 2027 1353 2060 Phrixus
1389 2027 1532 2075 juvenes
1569 2028 1729 2065 erudiisse
1756 2031 1856 2068 vide-

220 2064 356 2098 CTOR
400 2064 698 2105 LIBRARIUS,
749 2064 809 2110 ‘1¹²5
856 2072 1046 2112 nempeffij
1092 2085 1171 2119 tur,
1213 2087 1252 2112 ut
1293 2076 1378 2113 scite
1419 2091 1458 2113 ac
1498 2079 1681 2116 emendare
1721 2082 1852 2118 Libros

219 2117 459 2151 membranas,
490 2113 650 2153 chartas,
678 2113 786 2148 libros
815 2113 978 2154 consuit,

218 2164 395 2212 glutinat,
424 2165 568 2199 malleat
595 2162 664 2200 &c.
693 2164 777 2212 Ejus
800 2163 977 2200 confiden-

218 2215 306 2250 tiam
350 2228 417 2249 non
463 2215 589 2259 probo,
629 2214 792 2250 Aliarum
833 2215 976 2252 Artium

216 2264 389 2300 DoEiores
410 2264 447 2301 &
469 2263 628 2314 Magistri
656 2265 743 2302 olim
773 2264 887 2301 fuere:
917 2280 979 2302 cur

217 2313 255 2351 δε
285 2316 466 2352 Librariae
494 2317 594 2351 Artis
622 2316 686 2351 effe
710 2329 780 2352 non
811 2316 975 2364 potuere?

217 2366 248 2400 E
276 2366 414 2402 Schedis
443 2367 528 2402 meis
555 2367 671 2402 Mstjs
704 2367 822 2415 accipe
850 2367 974 2404 Inscri-

218 2414 377 2462 ptionem
413 2417 451 2454 in
486 2430 660 2454 marmore
696 2420 858 2455 Romano
884 2417 974 2455 scul-

218 2473 335 2513 ptam.

1090 2126 1300 2169 scriberent,
1328 2127 1487 2177 ipsosque
1513 2130 1643 2166 Libros
1665 2144 1750 2166 unus
1778 2131 1851 2180 ipse

1090 2177 1214 2215 multis
1242 2177 1419 2214 diflabat.
1458 2181 1722 2229 Negligentiam
1750 2195 1790 2217 ae
1817 2182 1850 2218 i-

1089 2228 1310 2277 gnorantiam
1352 2230 1594 2266 Librariorum
1632 2245 1701 2267 non
1743 2231 1849 2269 semel

1087 2278 1231 2315 Sanssus
1271 2280 1512 2326 Hieronymus
1551 2281 1719 2328 sugillat.
1763 2284 1848 2319 Pro-

1087 2340 1203 2377 pterea
1238 2331 1272 2365 &
1309 2332 1383 2367 illis
1420 2331 1558 2380 egregio
1597 2332 1770 2374 Dociore,
1808 2335 1843 2369 δε

1085 2380 1256 2430 Magistro
1296 2382 1417 2430 aliquo
1452 2395 1538 2423 opus
1575 2381 1668 2418 fuit.
1705 2386 1843 2429 Quam-

1085 2445 1211 2478 quam,
1239 2441 1278 2468 ut
1306 2444 1423 2469 verum
1461 2431 1591 2478 fatear,
1628 2446 1670 2469 ne
1707 2434 1841 2482 perspe-

1041 2498 1047 2502 ·
1083 2483 1180 2519 &um
1227 2483 1368 2532 quidem
1417 2483 1574 2519 Reinefio
1616 2483 1714 2524 fuit,
1755 2486 1840 2533 quid

1081 2535 1249 2570 Lubrarius
1273 2533 1479 2583 significarit
1504 2533 1614 2571 olim.
1644 2537 1725 2571 Non
1745 2536 1840 2573 enim

1634 2586 1790 2635 Scripto-
