2216 3100
383 217 465 257 239
720 195 894 240 ANTI

909 194 1012 252 Q]
1025 194 1041 235 1
1056 193 1105 237 T.

1145 188 1356 234 MEDH
1393 188 1551 232 AEVJ
1806 203 1888 242 240

322 269 382 296 aut
409 259 536 302 serius,
563 266 604 294 ut
630 255 716 293 alibi
744 254 903 299 ostendi,
939 258 1077 300 Hunga-
1109 253 1144 287 A
1184 249 1344 296 Denique
1372 248 1588 285 Frodoardut
1622 248 1660 284 in
1689 248 1871 288 Chronico
1899 253 1941 289 ad

322 324 423 344 rorum
459 311 558 344 rabies
593 319 691 343 totam
723 318 778 354 per
814 306 942 341 Italiam
980 303 1103 343 nullis,

323 361 528 404 resistentibus
557 360 739 394 dilatatur.
768 357 960 392 Richardus
988 354 1074 390 Clu·
1101 355 1103 368 ¹

323 411 511 453 niacenfis.
548 412 580 445 δε
619 423 662 445 ex
698 422 739 443 eo
776 406 982 449 Bonfinius,
1009 415 1079 441 tra-

323 461 435 502 dunt,
464 464 629 510 Hungros
657 458 783 495 exinde
810 457 880 491 fere
915 455 1081 502 quotannis

325 512 521 562 populandi
559 509 693 548 caussa,
736 517 775 543 ut
815 505 986 553 quidquid
1030 518 1082 539 re—

327 564 498 601 manserat
525 561 723 599 eraderent,
761 566 913 604 repetere
943 554 1082 590 Italiam

328 614 560 650 consueviffe.
583 614 689 646 Anno
711 607 847 644 Christi
871 608 1084 642 DCCCCV.

327 665 490 715 Sigonius
519 661 659 701 scribit,
688 659 848 695 barbaros
875 656 1010 693 eosdem
1031 669 1083 690 no-

328 732 405 752 vam
443 715 640 753 incursionem
677 709 815 746 fecisse.
853 710 949 744 Tum
978 700 1109 743 Anno*

329 766 599 803 Dccccxxr.
636 760 672 798 ὃ(
711 759 929 807 subsequenti
957 772 999 794 ex
1028 771 1080 794 eo-

329 831 406 854 rum
435 815 582 864 gladiis,
621 812 658 848 ἂ
697 810 833 859 sagittis
871 809 975 845 Italia
1013 808 1088 844 san-

330 868 435 917 guine
456 865 610 901 maduit.
638 866 746 898 Anno
766 871 881 897 autem
906 861 1087 896 DCCCG-

332 919 463 953 XXIV.
506 916 590 951 adeo
632 914 774 949 illorum
819 910 1010 960 potentia,
1051 922 1089 944 ac

332 970 444 1004 rables
472 967 517 1002 est
545 965 670 1003 antia,
710 973 748 999 ut
786 960 1090 1010 praeclarissimam

333 1019 445 1067 Regni
477 1017 587 1053 sedem
615 1014 785 1050 Ticinum
807 1012 848 1046 ad
874 1011 1090 1046 dedit-ionem

333 1069 592 1118 compulerint,
634 1064 672 1102 &
714 1061 880 1099 incendio
922 1059 1092 1096 absumse—

333 1121 431 1157 rint.
471 1118 582 1154 Iidem
620 1118 692 1152 An.
736 1112 1092 1150 DCGCCXXXVII.

1186 302 1252 336 An.
1297 301 1528 336 DCCCCLI.
1570 300 1708 340 tradit,
1757 304 1944 352 Hungaros

1183 364 1218 385 ex
1255 351 1352 385 ltalia
1397 352 1431 384 in
1468 350 1683 396 Aquitaniam
1724 350 1822 389 fuiffe
1863 368 1945 402 pro-

1184 401 1328 449 greffos.
1367 399 1530 436 Fortaffis
1557 401 1590 435 8<
1619 403 1726 437 Anno
1756 406 1943 442 DCCCG-

1187 454 1283 488 LIV.
1312 453 1477 499 Hungros
1505 464 1523 486 e
1550 452 1669 488 Gallia
1706 453 1879 503 fugientes
1910 458 1945 491 1-

1186 502 1271 538 talia
1299 502 1421 550 vidit3
1459 512 1494 537 at
1533 503 1624 537 ultra
1660 516 1730 539 non
1767 505 1945 554 legimus,

1187 552 1458 588 immitissimam
1480 563 1619 601 gentem
1641 552 1798 602 irrupisse
1825 557 1861 591 in
1884 557 1944 593 ha-

1189 603 1241 639 sce
1278 604 1462 650 regiones:
1512 617 1586 638 eam
1624 606 1754 653 quippe
1793 606 1948 642 bellicosi

1189 656 1442 689 Germanorum
1487 654 1635 703 Populi,
1673 655 1796 691 multis
1833 657 1948 692 caedi-

1125 705 1153 740 B
1191 705 1251 740 bus
1289 705 1426 744 illatis,
1464 704 1530 740 sese
1566 706 1659 741 intra
1695 706 1831 742 limites
1873 707 1949 743 suos

1190 754 1370 791 continere
1405 755 1543 791 tandem
1581 756 1745 793 edocuit.
1774 759 1869 794 Tota
1896 772 1951 794 er-

1191 819 1235 854 go
1277 806 1437 853 periodus
1478 819 1745 848 aerumnarum,
1786 821 1870 856 quas
1908 809 1950 844 ab

1193 857 1350 904 Hungris
1388 856 1491 892 Italia
1532 857 1717 897 sustinuit,
1756 858 1849 895 inter
1877 861 1953 895 An-

1195 919 1279 941 num
1311 908 1488 941 DCCQC.
1525 908 1559 940 δε
1598 910 1810 945 DCCCCL.
1837 923 1955 946 revera

1194 955 1442 991 concluditur.
1472 957 1594 1000 Quum
1623 970 1705 1005 ergo
1733 960 1954 1006 exploratum

1196 1005 1264 1049 fit,
1306 1015 1346 1040 ut
1386 1004 1484 1052 supra
1527 1005 1703 1046 vidimus,
1744 1009 1958 1056 Scriptorem

1195 1055 1301 1091 Vitae
1339 1055 1456 1091 Sanffi
1495 1057 1700 1093 Geminiani
1735 1058 1851 1094 efidem
1883 1058 1957 1108 ipsa

1195 1106 1396 1154 tempestate
1439 1106 1616 1142 floruiffe:
1661 1117 1742 1155 peto
1782 1123 1872 1158 ego,
1914 1122 1958 1145 an

332 1169 615 1211 Alamanniam,
651 1165 831 1208 Galliam,
867 1163 905 1199 &
935 1165 1092 1211 Burgun—
1123 1152 1171 1191 C
1197 1157 1356 1193 censurae
1397 1157 1505 1192 alicui
1549 1157 1650 1204 justae
1694 1159 1790 1194 locus
1828 1159 1958 1204 fuerit,

334 1222 428 1257 diam
452 1218 653 1268 pervagati,
676 1229 731 1264 per
751 1216 881 1251 Italiam
901 1214 942 1249 ad
964 1213 1020 1247 sua
1041 1225 1091 1247 re-

334 1286 401 1321 gna
422 1271 618 1306 redierunt.
641 1266 777 1303 Aufi’cor
797 1277 936 1313 quoque
956 1262 1000 1298 est
1021 1264 1093 1297 Lu-

335 1337 398 1371 pus
415 1320 618 1368 Protospata
631 1346 641 1362 ‚
657 1331 714 1353 eos
728 1320 834 1351 Anno
847 1315 1094 1350 DCCCCXX.

335 1372 478 1409 Italiam
511 1369 669 1411 vexaffe,
704 1377 780 1402 tum
808 1367 879 1401 An.
911 1364 1094 1399 DGCCC·

337 1423 504 1459 xxxvl.
547 1419 795 1456 DCCCCXL.
834 1415 871 1450 &
910 1415 1096 1449 DCCCC-

336 1475 488 1510 XLVII.
532 1471 569 1507 in
612 1469 781 1517 Apuliam
823 1464 984 1508 irruisse,
1024 1461 1097 1498 Ca·

337 1537 441 1573 puam
469 1520 661 1558 obsedisse,
692 1531 730 1553 ac
758 1518 941 1552 innumera
971 1514 1016 1550 iis
1044 1526 1094 1549 re-

337 1574 501 1623 gionibus
528 1569 684 1606 intuliffe
722 1568 813 1603 mala
830 1593 839 1602 .
875 1566 1036 1602 Habetur
1062 1577 1096 1599 e-

338 1626 426 1661 tiam
456 1631 538 1658 nota
567 1619 770 1668 marginalis
813 1617 850 1652 in
888 1618 995 1652 Msto
1022 1613 1094 1650 Co-

339 1675 416 1711 dice
457 1671 702 1709 Bibliothecae
743 1665 983 1704 Casanatenfis
1028 1667 1095 1700 Ro-

338 1739 443 1767 mae,
481 1724 539 1759 ubi
578 1721 709 1770 legitur
744 1719 880 1764 Cyclus
925 1715 1098 1753 Paschalis

337 1774 500 1820 Dionyfii
529 1771 683 1817 Exigui,
711 1769 803 1805 hisce
832 1767 946 1803 verbis
974 1779 1097 1802 conce-

339 1835 419 1876 pta:
450 1828 516 1859 Hoc
535 1827 635 1858 Anno
655 1820 763 1868 (idest
785 1821 891 1854 Anno
913 1816 958 1853 C.
985 1816 1097 1865 922.)

339 1886 490 1912 venerum
531 1872 680 1919 Hungari
721 1871 754 1904 in
790 1870 951 1913 Apuliam
990 1878 1099 1915 quarto

341 1927 392 1963 die
415 1926 518 1967 stante
545 1922 655 1963 mensis
684 1921 873 1955 Februarii.
902 1918 963 1954 Sed
987 1918 1099 1953 clades

342 1975 513 2022 ejusmodi
540 1973 632 2009 nihil
654 1972 693 2007 ad
717 1970 995 2019 Langobardiam
1028 1969 1098 2016 spe-

342 2028 435 2064 stare
464 2025 646 2063 videntur,
667 2035 773 2070 quum
795 2034 865 2056 non
893 2019 1040 2056 terrestri
1070 2033 1092 2054 ι>
1124 2052 1125 2057 ,

343 2080 478 2120 tinere,
527 2075 581 2111 sed
622 2074 766 2121 navigio
809 2070 970 2106 adhibito
1013 2071 1127 2105 illuc,

343 2126 507 2176 Hungari
548 2124 735 2175 penetrasse
777 2122 981 2168 potuerint.
1026 2120 1101 2155 Post

345 2188 494 2216 mortem
524 2189 662 2224 quoque
690 2173 852 2222 Hugonis
883 2171 1006 2206 Italiae
1035 2173 1100 2205 Re-

346 2230 400 2278 gis
435 2228 543 2265 iidem
581 2224 721 2273 Hungri
759 2225 794 2259 in
834 2222 956 2258 Italiae
993 2220 1101 2256 finum

346 2281 547 2320 irruerunt,
577 2277 630 2312 sed
659 2274 858 2310 muneribus
886 2287 904 2308 a
933 2273 1096 2320 Berenga·

347 2332 403 2368 rio
430 2328 662 2366 Marchione‚
692 2325 801 2375 postea
831 2327 946 2371 Rege,
975 2321 1103 2370 placati

348 2381 549 2417 abscessere.
576 2378 745 2414 Batonius
771 2376 804 2410 ὃ(
836 2374 960 2422 Pagius
989 2372 1104 2408 aestum

349 2432 416 2468 hoc
455 2433 564 2467 Anno
606 2427 906 2464 DCGCCXLIX.
957 2433 1104 2472 putant.

348 2483 413 2518 Sed
441 2482 507 2517 hoc
537 2488 638 2516 antea
675 2476 884 2525 contigisse,
920 2488 963 2511 ex
1001 2474 1104 2510 Lint-

350 2533 480 2582 prando
521 2529 699 2568 Historico
744 2527 881 2568 fortasse
933 2524 1106 2575 colligas-

1196 1207 1289 1255 quod
1343 1206 1534 1253 scripserim
1558 1231 1567 1245 ,
1614 1208 1807 1244 Auctorem
1859 1210 1958 1245 illius

1198 1259 1425 1292 CIRCITER
1453 1261 1588 1292 Annum
1615 1260 1733 1301 Christi
1769 1262 1962 1296 DCCCCX.

1201 1306 1375 1343 floruisse?
1413 1311 1467 1343 At
1506 1308 1625 1356 inquit
1661 1309 1794 1346 amicus
1831 1310 1963 1346 Maffe-

1199 1359 1272 1407 jus:
1303 1371 1362 1391 non
1389 1358 1520 1400 ostendi:
1554 1360 1582 1393 is
1610 1360 1757 1403 Auc‘hr,
1790 1361 1823 1403 se
1858 1361 1961 1405 vixis-

1193 1409 1228 1452 se
1245 1434 1254 1448 ,
1291 1420 1385 1452 quum
1412 1408 1563 1453 Hungart'
1589 1412 1690 1442 Anno
1718 1412 1874 1445 DCCCC.
1903 1420 1961 1445 aut

1203 1459 1397 1492 DCCCCH.
1436 1457 1656 1502 impreffionem
1693 1458 1727 1492 in
1765 1460 1965 1505 Mutinenset

1196 1509 1294 1552 fecere
1308 1531 1319 1546 ,
1350 1507 1408 1551 sed
1434 1508 1556 1554 quidem
1588 1508 1730 1552 fervente
1757 1512 1821 1543 und
1847 1524 1863 1544 e
1889 1511 1964 1545 reli-

1171 1559 1269 1605 ¹quis
1307 1556 1531 1599 incursionibus
1568 1561 1608 1593 ab
1643 1572 1680 1592 ea
1712 1570 1805 1605 gente
1841 1560 1962 1603 suffis-

1133 1603 1164 1636 Β
1201 1611 1248 1644 Et
1275 1607 1359 1656 quid
1388 1606 1486 1643 tum?
1517 1610 1644 1644 Nonne
1673 1608 1753 1644 satis
1782 1610 1870 1646 mihi
1892 1611 1961 1655 est,

1202 1659 1226 1694 fi
1253 1660 1283 1694 is
1312 1657 1432 1702 vixit,
1461 1658 1542 1694 dum
1572 1660 1712 1708 Hungri
1743 1659 1781 1695 in
1822 1661 1963 1696 Italiam

1204 1710 1357 1759 palantes
1385 1709 1633 1745 excursabant?
1673 1709 1735 1745 Sed
1773 1724 1833 1746 cur
1861 1712 1962 1747 vive-

1202 1774 1238 1797 re
1264 1760 1294 1796 is
1321 1772 1391 1795 non
1418 1759 1526 1795 etiam
1554 1770 1654 1796 antea
1684 1760 1822 1808 potuit?
1861 1761 1962 1797 Con-

1205 1809 1346 1860 joc-&turis
1374 1810 1451 1846 heic
1479 1819 1625 1858 uterque
1652 1811 1808 1859 agimus.
1848 1814 1965 1860 Neget

1204 1862 1293 1906 ille,
1334 1860 1356 1896 fi
1401 1860 1494 1909 potis
1534 1860 1607 1905 est,
1649 1861 1797 1909 potuisse
1843 1861 1965 1898 florere

1206 1912 1418 1960 Scriptorem
1470 1911 1573 1947 illum
1631 1913 1687 1947 vel
1738 1911 1813 1960 ipso
1858 1915 1966 1948 Anno

1207 1964 1386 1998 DCCCG.
1414 1961 1450 1998 Si
1477 1961 1637 1998 accidiffe
1664 1962 1700 1998 id
1738 1962 1877 2011 potuit,
1916 1962 1967 1998 sa-

1178 2037 1179 2042 =
1207 2014 1252 2048 tis
1281 2013 1370 2047 illud
1399 2012 1488 2048 mihi
1517 2013 1583 2058 est,
1612 2026 1674 2048 nec
1695 2012 1764 2056 est,
1793 2026 1852 2048 cur
1873 2025 1968 2048 meae

1208 2063 1444 2112 conjeffluram
1475 2063 1567 2099 suam
1591 2064 1755 2111 Maffejus
1776 2062 1965 2099 anteferat.

1209 2116 1263 2149 Ac
1318 2113 1499 2160 praecipue
1520 2140 1530 2157 ‚
1584 2127 1691 2160 quum
1745 2112 1966 2149 Clariffimus

1209 2163 1399 2208 Bollandus
1428 2163 1469 2197 ad
1497 2175 1536 2197 ea
1564 2165 1690 2207 verba,
1718 2177 1810 2210 quam
1837 2164 1871 2197 in
1899 2168 1967 2199 No-

1203 2216 1279 2258 stris
1305 2213 1581 2248 Tribulaeionibus
1617 2215 1868 2259 Crudeltffimam
1897 2218 1968 2249 Ex-

1209 2264 1290 2310 pem‘
1324 2264 1432 2308 sumus
1460 2263 1540 2311 (ita
1568 2263 1662 2299 enim
1691 2264 1754 2300 ille
1782 2264 1968 2300 Bodecenfi

1209 2315 1345 2352 Codice
1372 2313 1449 2349 usus
1476 2327 1554 2349 eum
1584 2314 1687 2349 aliter
1723 2315 1840 2350 locum
1878 2316 1969 2351 reci-

1209 2367 1286 2414 tat)
1322 2365 1409 2400 hanc
1449 2366 1580 2400 Noram
1619 2365 1841 2413 apposuerit:
1882 2369 1970 2401 Haec

1208 2416 1263 2463 effe
1288 2417 1416 2450 videtur
1441 2418 1662 2462 Hungarorum
1689 2416 1841 2460 incursio,
1878 2430 1972 2463 quam

1208 2477 1352 2502 memorat
1394 2466 1615 2510 Limpundus
1655 2467 1772 2509 Histar.
1813 2467 1886 2502 Lib.
1937 2480 1972 2502 2.

1209 2523 1289 2564 Cap.
1315 2530 1352 2566 4.
1381 2527 1414 2562 5.
1443 2517 1478 2553 6,
1499 2517 1562 2563 sub
1588 2517 1718 2553 initium
1753 2518 1880 2553 saecuti
1907 2519 1974 2552 De-

1818 2567 1912 2604 cinai,
