2216 3100
421 285 500 326 135
758 272 1128 329 ANTLQUJT.

1169 269 1387 314 Mam]
1420 272 1583 315 ΑΕνι
1841 281 1924 329 136

355 335 417 367 te,
454 331 559 371 homo,
597 341 656 375 per
694 338 823 375 patrem
853 332 885 366 &
916 334 1047 366 Fihum
1078 330 1187 367 &1A
1225 331 1456 366 DCCCXIX.
1506 331 1594 378 apud
1644 330 1827 367 Baluzium
1873 334 1981 369 Tom.

355 377 525 418 Spiritum
564 379 751 423 Sarstum,
792 383 823 416 ἃ
868 396 927 429 per
963 391 1112 417 tremen·
1144 363 1147 428 s

353 429 433 463 dum
472 430 602 472 Judieii
639 431 758 471 diem,
797 444 855 479 per
891 442 1041 479 quatuor
1068 434 1096 467 E

353 479 580 527 vangelistas,
610 493 668 527 per
693 482 876 516 duodecim
905 483 1112 530 Apostolos,

351 530 386 564 ὅ(
426 543 484 577 per
520 530 690 565 sexdecim
733 531 946 579 Prophetas,
983 533 1015 567 8<
1055 546 1114 580 per

352 579 486 626 viginti
515 589 663 627 quatuor
699 583 884 625 seniores,
923 582 983 630 qui
1023 583 1094 618 coti

351 630 409 666 die
436 631 473 666 in
501 632 636 666 laudem
670 633 736 666 Dei
764 631 933 675 adorant,
972 645 1031 681 per
1068 633 1094 668 il

350 682 424 716 lum
469 682 741 721 Redemtorem‚
783 683 844 730 qui
891 696 951 731 pro
989 683 1110 719 nostris

350 731 502 778 peccatis
531 745 651 768 manus
678 731 750 768 suas
779 733 908 769 sanc‘stas
935 734 972 770 in
998 736 1111 770 Cruce

350 780 551 829 suspendere
593 782 754 833 dignatus
792 783 863 832 est3
902 783 923 819 fi
965 786 1002 820 in
1045 785 1109 821 hoc

349 831 482 867 furtum
512 834 647 869 mixtus
688 847 746 874 es,
782 844 842 870 aut
879 834 1013 879 fecisti,
1051 844 1110 871 aut

350 882 533 928 bajulasti,
575 885 697 920 taliter
737 885 805 921 tibi
847 887 1029 922 ordinetur
1068 886 1110 922 de

348 946 453 969 manu
484 935 655 979 Domini,
684 936 739 970 vel
765 936 806 971 de
827 945 924 972 tanta
951 936 1006 972 sua
1035 937 1106 972 san-

348 984 404 1019 &a
432 985 544 1033 gloria
580 987 614 1020 &
652 986 805 1026 virtute,
842 996 881 1022 ut
920 989 1044 1023 Panem
1074 989 1108 1022 δι

347 1035 495 1071 Caseum
526 1036 625 1072 istum
650 1050 721 1072 non
750 1036 851 1085 poffis
879 1039 1108 1080 manducare,

347 1085 410 1120 nisi
439 1085 565 1122 inflato
592 1100 672 1129 ore,
709 1099 787 1121 cum
823 1087 941 1132 spuma
977 1087 1010 1120 ἃ
1049 1099 1106 1133 ge-

346 1136 438 1171 mitu
466 1139 498 1171 8<
528 1137 648 1171 dolore
672 1137 705 1170 8<
731 1136 920 1184 lacrymi53
949 1134 1105 1171 faucibu-

346 1185 428 1233 sque
465 1187 534 1221 tuis
578 1187 616 1221 sis
655 1185 858 1221 constrictus
899 1199 958 1233 per
994 1188 1105 1224 Eum,

343 1238 405 1284 qui
451 1246 615 1272 venturus
657 1236 701 1272 est
744 1237 896 1285 judicare
933 1236 1036 1272 vivos
1071 1237 1105 1272 &

344 1297 524 1331 mortuos,
552 1289 585 1323 &
615 1289 774 1323 Seculum
805 1301 864 1335 per
893 1286 1035 1334 ignem.

395 1340 436 1373 In
465 1337 731 1385 Antiphonario
758 1350 898 1384 quoque
925 1335 1104 1372 vetustiffi-

343 1401 403 1423 mo
431 1387 593 1436 Capituli
621 1386 896 1435 Metropolitani
927 1388 1102 1423 Mediola-

343 1438 474 1478 nensls,
502 1439 599 1487 cujus
627 1438 726 1486 supra
755 1437 972 1473 mentionem
1010 1437 1103 1478 feci,

342 1490 522 1537 legebatur
563 1488 747 1524 Benedic'lio
784 1489 880 1522 Panis
925 1487 970 1526 ὅθ’
1013 1488 1106 1532 Casei

341 1543 385 1574 ad
412 1541 664 1582 inveniendum,
701 1540 754 1584 qm'
786 1539 915 1582 furatus
952 1538 1014 1579 est.
1042 1538 1104 1573 Ast

341 1603 429 1638 ego,
458 1604 499 1625 ne
528 1589 671 1625 Lee‘cori
700 1588 758 1623 fim
788 1588 930 1630 toedio,
960 1589 1101 1624 unicum

340 1642 539 1688 exemplum
571 1640 696 1678 attuli,
724 1641 756 1674 &
787 1638 984 1686 praesertim
1010 1639 1103 1687 quod

339 1703 409 1726 non
439 1690 615 1725 diffimilis
644 1689 784 1737 hujusce
817 1689 948 1733 judicii
976 1689 1098 1726 descri-

337 1741 416 1789 ptio
436 1751 596 1777 occurrat
614 1741 702 1789 apud
725 1740 984 1788 praelaudatum
1004 1742 1100 1776 Mar-

337 1801 418 1827 tene
460 1792 496 1827 in
541 1792 638 1827 Libr.
681 1791 722 1826 de
764 1791 919 1839 antiquis
971 1790 1101 1826 Eccles.

337 1842 502 1878 Ritibus.
530 1841 714 1877 Gravioris
743 1851 863 1876 contra
885 1840 1099 1877 discriminis

336 1891 405 1929 fuit
424 1893 592 1937 Judicium
612 1896 729 1938 Aquae
751 1891 925 1935 ferventis.
951 1893 988 1926 In
1011 1891 1098 1928 hanc

335 1943 497 1978 demissus
526 1942 632 1977 homo
661 1941 681 1976 li
711 1942 897 1984 urebatur,
927 1940 1096 1978 intentati
1123 1964 1126 1974 v

335 1993 497 2029 criminis
526 1994 621 2027 nulla
649 1991 798 2027 defensio
826 1991 1023 2039 supererat.
1064 1994 1096 2028 Is

334 2044 430 2079 enim
470 2057 544 2078 reus
573 2057 591 2077 a
621 2044 730 2078 Caelo
767 2042 942 2078 indicatus
979 2043 1092 2079 crede—

334 2095 454 2131 batur.
484 2092 642 2129 Viciffim
674 2096 757 2128 verb
784 2093 1009 2129 innocentem
1035 2095 1092 2129 de·
1120 2120 1122 2126 ,

332 2145 578 2193 praedicabant
607 2144 742 2191 (neque
770 2143 927 2192 injuria)
967 2144 1026 2181 ubi
1063 2144 1092 2180 is

331 2195 413 2231 inde
438 2195 576 2231 illaesus
597 2196 813 2242 emergebat.
841 2193 990 2230 Manum
1014 2204 1091 2229 tan—

329 2246 537 2285 tummodo,
566 2258 634 2280 non
661 2255 775 2280 autem
803 2257 925 2291 corpus
951 2254 1090 2289 totum,

329 2296 368 2332 in
396 2297 543 2333 lebetem
576 2295 744 2332 ferventis
772 2296 897 2342 Aquae
925 2295 962 2330 efi
989 2308 1088 2330 occa-

329 2346 422 2382 fione
460 2347 598 2382 solitam
641 2346 739 2382 fuisse
780 2345 959 2389 immitti,
997 2345 1087 2381 anti-

328 2410 477 2445 quorum
506 2407 733 2432 monumenta
760 2396 945 2432 testantur.
973 2397 1088 2431 Immo

327 2448 472 2484 innuere
514 2447 705 2490 videntur,
755 2449 878 2482 Servos
915 2447 1088 2483 duntaxat

327 2499 475 2546 alicujus
503 2500 624 2545 culpae
649 2496 823 2534 arcessitos
853 2497 989 2532 subiisse
1014 2498 1086 2545 eju—

325 2548 437 2585 smodi
465 2549 641 2594 Judicium
659 2575 668 2584 .
706 2550 745 2584 In
785 2547 984 2596 Capitulari
1014 2551 1085 2583 Lu-

324 2599 446 2637 devici
500 2600 556 2636 Pii
579 2627 591 2646 ,
642 2599 740 2636 edito
791 2601 900 2635 Anno
953 2597 1085 2635 christi

1222 381 1334 426 primo
1363 381 1558 425 Capitular.
1593 384 1674 430 Reg.
1704 385 1866 418 Francor.
1903 395 1981 431 pag.

1221 433 1303 476 598.
1325 430 1362 466 &
1385 432 1468 478 669.
1497 442 1599 479 atque
1629 434 1722 468 inter
1747 434 1857 479 Leges
1884 435 1981 468 Lan-

1218 482 1418 528 gobardicas
1441 481 1530 529 Cap.
1550 495 1584 528 9.
1607 483 1784 519 Ludovici
1809 484 1885 527 Pii,
1904 496 1980 532 pag.

1223 535 1303 567 ηδ.
1340 533 1431 566 Part.
1463 534 1508 567 ΙΙ.
1546 534 1655 568 Tomi
1696 534 1721 569 I.
1762 536 1841 569 Re'r.
1880 536 1984 570 Itali-

1217 594 1283 616 car.
1321 581 1378 617 ubi
1421 582 1462 617 de
1500 582 1704 620 homicidiis
1745 584 1838 620 intra
1880 586 1978 621 aedes

1217 630 1324 667 sacras
1368 634 1573 680 perpetratis
1611 636 1726 682 agitur
1750 661 1760 678 ,
1797 636 1879 670 haec
1920 636 1981 670 ha-

1217 682 1364 718 bentur:
1394 685 1432 717 Si
1460 687 1603 730 proptius
1630 689 1746 719 Servus
1774 687 1826 719 hoc
1852 686 1978 720 commi-

1209 732 1312 776 serit,
1337 732 1457 777 judicio
1483 736 1599 781 Aquae
1631 736 1785 779 ferventis
1820 738 1977 770 examine-

1154 784 1182 818 B
1213 792 1290 825 tur,
1318 793 1419 817 utrum
1446 785 1499 819 hoc
1522 790 1648 830 sponte,
1675 801 1717 821 an
1749 787 1781 830 [e
1807 787 1976 829 defenden-

1213 834 1252 866 do
1274 832 1410 878 feciffet.
1442 838 1486 869 Es
1506 836 1538 877 si
1558 850 1668 871 manus
1690 837 1757 880 ejus
1777 837 1882 878 exusta
1904 838 1977 881 fue-

1214 884 1282 926 rit,
1311 884 1538 927 interficiatur.
1576 889 1639 922 Sed
1669 889 1772 936 longe
1800 898 1900 923 antea
1929 887 1979 923 ri-

1212 942 1286 968 tum
1327 935 1486 970 eumdem
1522 936 1739 973 indicaverat
1782 939 1977 987 Liutpran-

1211 984 1274 1018 dus
1312 986 1621 1032 Langobardorum
1666 991 1739 1024 Rex
1782 991 1877 1037 Lege
1916 1000 1974 1024 21.

1212 1034 1293 1068 Lib.
1324 1046 1356 1077 5.
1387 1048 1461 1081 pag.
1500 1040 1559 1071 61.
1596 1038 1747 1083 ejusdem
1787 1041 1899 1074 Partis
1931 1041 1977 1074 ΙΙ.

1211 1083 1323 1116 Tomi
1366 1085 1391 1117 Ι.
1433 1087 1508 1119 Rer.
1550 1087 1703 1122 Italicar.
1741 1088 1796 1122 his
1833 1089 1974 1123 verbis:

1210 1132 1248 1165 Si
1284 1132 1353 1178 quis
1389 1136 1521 1168 Servum
1548 1136 1685 1170 alienum
1716 1136 1786 1177 stne
1811 1139 1977 1171 voluntate

1211 1183 1344 1217 Domini
1363 1184 1418 1227 sui
1444 1186 1478 1218 in
1502 1185 1728 1229 sacramentum
1754 1188 1894 1232 miserit,
1921 1197 1978 1222 aut

1208 1246 1336 1266 manum
1363 1235 1398 1267 in
1422 1237 1578 1270 Caldaria
1598 1238 1718 1272 mittere
1741 1238 1870 1281 fecerit,
1898 1251 1977 1272 com-

1186 1288 1188 1295 ·
1207 1293 1306 1329 ponat
1328 1285 1462 1318 Domino
1485 1285 1551 1329 ejus
1571 1288 1693 1321 Solidos
1715 1289 1858 1334 viginti.
1889 1290 1978 1323 Gre-

1209 1333 1330 1380 gorius
1358 1347 1498 1382 quoque
1526 1337 1736 1374 Turonensis
1773 1352 1842 1373 non
1881 1338 1977 1374 diffi-

1209 1383 1297 1418 mile
1325 1385 1606 1432 experimentum
1640 1398 1755 1424 narrat
1793 1389 1874 1425 Lib.
1903 1389 1975 1436 pri-

1209 1446 1269 1469 mo
1287 1461 1296 1478 ‚
1325 1436 1411 1480 Cap.
1442 1438 1498 1471 81.
1529 1439 1569 1473 de
1597 1439 1721 1474 Gloria
1749 1441 1973 1485 Martyrum,

1209 1484 1304 1531 quod
1333 1485 1531 1521 institutum
1572 1487 1641 1523 fuit
1678 1490 1770 1525 inter
1809 1490 1975 1526 Catholi-

1207 1547 1285 1568 cum
1325 1533 1362 1569 &
1401 1537 1629 1573 Haereticum
1674 1538 1711 1573 in
1754 1540 1972 1576 orthodoxae

1207 1584 1307 1619 Fidei
1336 1584 1597 1623 testimonium.
1626 1590 1703 1624 Hac
1724 1589 1764 1624 de
1789 1604 1825 1625 re
1853 1591 1973 1639 legen-

1205 1635 1267 1670 dus
1311 1636 1545 1685 Du-Cangius
1582 1639 1618 1674 in
1660 1641 1808 1675 Glofl'ar.
1851 1641 1972 1678 Latin.

1205 1685 1247 1720 ad
1287 1698 1409 1720 vocem
1448 1693 1575 1734 Aqua,
1613 1690 1647 1724 δ(
1685 1691 1857 1726 videndae
1886 1694 1972 1727 For-

1208 1736 1323 1771 mulae
1351 1736 1453 1783 hujus
1484 1739 1586 1773 Ritus
1622 1740 1710 1785 apud
1749 1739 1971 1789 supralauda-

1204 1797 1279 1822 tum
1310 1786 1473 1823 Martene
1511 1790 1617 1824 Tom.
1649 1802 1679 1837 3.
1708 1790 1789 1826 Lib.
1819 1803 1851 1838 3.
1879 1791 1969 1838 Cap.

1204 1849 1240 1885 7.
1269 1837 1310 1872 de
1337 1838 1495 1886 antiquis
1523 1841 1654 1876 Eccles.
1692 1841 1854 1877 Ritibus.
1892 1844 1968 1891 Ego

1202 1890 1451 1924 tantummodo
1481 1890 1651 1937 proferam
1671 1915 1681 1930 ,
1718 1905 1806 1938 quae
1838 1892 1874 1927 in
1902 1906 1969 1928 nu-

1202 1952 1261 1986 per
1301 1938 1443 1974 laudato
1492 1942 1630 1976 Rituali
1672 1943 1779 1977 MSto
1819 1942 1861 1977 de
1900 1942 1967 1978 hoe

1203 1989 1288 2025 Ritu
1317 1989 1508 2025 habentur:
1540 1992 1630 2027 unde
1656 1992 1763 2027 etiam
1788 1992 1965 2038 elucebit,

1201 2041 1290 2076 nihil
1318 2040 1412 2075 aliud
1433 2042 1536 2088 quam
1560 2056 1686 2077 manum
1706 2043 1857 2078 immitti
1878 2056 1964 2079 con-

1201 2091 1345 2126 sueviffe
1372 2091 1409 2126 in
1439 2095 1579 2139 Aquam
1609 2092 1823 2136 ferventem,
1852 2106 1962 2139 quum

1136 2145 1164 2178 E
1200 2140 1371 2189 ejusmodi
1399 2144 1679 2192 experimentum
1709 2143 1958 2192 peragebatur.

1224 2243 1429 2279 Benediffio
1457 2242 1555 2291 super
1580 2247 1712 2291 ..Aquam
1733 2244 1906 2288 ferventem
1922 2269 1932 2280 .

1196 2344 1365 2436 DEus
1391 2343 1501 2388 Judex
1540 2343 1642 2392 justus
1659 2370 1668 2387 ‚
1705 2343 1807 2380 fortis
1834 2346 1867 2380 ὃ(
1897 2359 1958 2394 pa-

1323 2395 1434 2438 tiens,
1465 2395 1524 2441 qui
1552 2394 1673 2430 aneton·
1703 2395 1796 2442 pacis
1824 2408 1883 2441 es,
1925 2398 1960 2431 δε

1196 2447 1327 2494 judicas
1355 2445 1594 2492 aequitatem,
1637 2445 1751 2492 judica
1780 2447 1871 2492 quod
1902 2448 1957 2495 ju-

1195 2496 1279 2530 stum
1307 2495 1374 2539 est,
1403 2496 1579 2538 Domine,
1617 2496 1650 2530 ὃ(
1688 2495 1819 2531 τεξὶιιῐη
1857 2498 1961 2542 Judi-

1195 2547 1288 2582 cium
1317 2556 1415 2581 tuum
1433 2573 1441 2582 .
1469 2546 1544 2592 Qui
1572 2545 1711 2592 respicis
1751 2547 1848 2592 super
1885 2558 1956 2583 ter-

1166 2608 1172 2640 ι
1194 2609 1290 2637 ram,
1317 2595 1354 2635 &
1382 2596 1467 2634 facis
1488 2610 1563 2633 eam
1583 2607 1750 2634 tremere.
1780 2600 1838 2633 Tu
1867 2601 1958 2636 Deus

1784 2661 1904 2686 omm-
