2216 3100
406 236 490 276 447
749 225 1116 282 ANTIQUJT.
1156 223 1372 265 Mem!
1405 225 1565 269 ARV]
1823 232 1907 284 448

349 277 480 314 nubitis
500 306 509 314 .
546 283 593 315 Ee
626 282 788 325 defendere
822 285 1031 329 promittimus
1065 285 1106 318 ab
1137 282 1183 327 A,
1215 281 1440 327 Falammica,
1464 285 1661 332 caudetupi,
1683 286 1882 331 Piccamit„‚
1907 287 1967 322 Fi-

348 330 432 363 emm'
467 331 612 375 bomine,
647 333 678 373 [ἱ
711 332 818 378 neccsse
851 335 972 378 suerit,
1008 336 1106 380 poeni

347 379 443 415 alteri
468 382 554 426 parti
580 383 717 429 legttime
738 385 909 431 stipulanti
938 386 1107 432 chaginta

348 430 520 465 Librarum
547 434 641 469 auri.

399 483 527 517 Tertio
563 496 667 530 quum
705 484 741 520 in
781 485 996 531 praecedenti
1027 485 1103 521 Dis-

348 530 537 567 sertatione
564 536 659 579 plura
684 535 895 572 disseruerim
922 537 963 571 de
985 538 1107 585 Agno-

349 581 506 617 minibus
544 584 674 630 (liceat
711 587 799 621 mihi
838 588 1009 622 vocabulo
1046 587 1108 622 isto

349 631 403 667 uti
444 633 483 668 ad
529 634 564 669 id
610 635 874 683 designandum,
916 638 1006 685 quod
1046 651 1107 673 nos

349 685 537 726 Sapranome
573 687 814 736 apoellamusg
853 687 1047 728 disputatur
1073 702 1107 723 e—

348 733 452 775 nim,
481 735 564 782 quid
594 737 656 771 illa
693 739 781 781 apud
820 739 968 774 Latinos
1005 738 1106 786 signi·
1150 733 1173 766 E

350 782 523 832 final-int)
545 798 635 821 nunc
664 787 856 823 addendum
881 789 925 824 est
943 817 952 831 ,
973 789 1017 824 iis
1045 789 1107 824 tri-

351 834 522 869 buendam
561 836 625 870 effe
662 837 834 882 originem
875 839 1108 880 complurium

350 884 638 931 Cognominum‚
668 898 733 931 que
761 888 800 920 ad
832 900 893 922 nos
922 887 1025 933 usque
1054 901 1105 931 pe-

352 942 560 969 netrarunt.
600 936 760 982 Namque
790 937 875 972 adeo
905 937 1018 972 tenaci
1048 938 1109 972 stu·

354 983 415 1018 dio
449 985 598 1031 Populus
628 986 826 1033 excipiebat
855 987 1024 1036 ejusmodi
1053 1002 1108 1024 ex·

352 1033 521 1070 trinsecus
549 1035 667 1072 addita
697 1037 853 1072 Nomina
876 1065 885 1082 ‚
914 1047 952 1074 ut
980 1052 1047 1074 non
1077 1052 1108 1074 a·

353 1084 405 1120 lio
439 1084 532 1133 signo
571 1086 757 1127 homines,
788 1088 899 1124 immo
928 1088 965 1125 &
1004 1089 1111 1132 ipsam

355 1148 473 1170 eorum
514 1136 728 1179 Familiam,
765 1138 937 1188 designare
977 1141 1112 1180 vellet,

355 1195 460 1233 atque
497 1186 651 1236 soleret3
695 1188 825 1237 ipsique
853 1191 958 1226 etiarn
998 1191 1107 1228 Nobi·
1145 1178 1174 1214 C

353 1238 424 1277 les,
453 1236 520 1274 sive
549 1240 663 1278 ultro,
692 1238 760 1275 five
787 1240 921 1290 inviti3
950 1255 1111 1291 cogeren-

355 1295 413 1323 tur
440 1287 616 1324 adscititifi
643 1289 705 1325 illa
732 1292 968 1339 appellatione
1004 1292 1112 1340 postea

353 1337 431 1377 uti,
469 1352 680 1386 quamquam
721 1341 896 1377 interdum
937 1342 1109 1389 vitupera·

353 1387 488 1423 tionem
517 1391 552 1424 ὃ(
580 1390 733 1426 scomma
760 1392 931 1428 redoleret
948 1421 957 1432 ,
985 1393 1025 1427 ad
1055 1392 1086 1428 se
1104 1420 1112 1435 ,

357 1437 522 1487 suamque
550 1449 688 1489 gentem
718 1455 735 1476 a
763 1443 908 1489 reliquis
939 1443 1107 1478 secernen-

354 1488 454 1525 darn.
493 1492 545 1526 Ita
583 1491 754 1527 eximium
783 1506 821 1527 ae
850 1492 1111 1528 vetustiffimum

354 1541 615 1587 Malaspinarum
643 1540 689 1578 &³
727 1543 979 1577 Pela-vicinorum
1015 1542 1111 1578 Mar-

357 1589 523 1626 chionum
562 1604 689 1637 genus,
726 1593 930 1641 Agnomine
966 1593 1001 1629 in
1039 1592 1110 1628 Co-

356 1649 585 1688 gnomentum
629 1643 799 1678 translato
845 1643 954 1679 adhuc
995 1643 1111 1679 distin·
1149 1631 1179 1663 D

359 1690 500 1738 guitur·
544 1691 711 1728 Postremi
758 1694 928 1730 duntaxat
970 1707 1109 1729 nomen-

358 1742 527 1777 claturam
557 1743 717 1790 agrestem
745 1747 891 1780 emolire
919 1745 980 1781 nifi
1010 1745 1086 1780 sunt
1106 1772 1115 1788 ‚

359 1792 578 1826 Palla-vicinos
606 1793 672 1828 sese
699 1805 956 1842 nuncupantes,
983 1795 1020 1831 1d
1042 1809 1114 1835 per—

361 1840 478 1887 spicue
505 1842 736 1889 deprehendas
773 1846 810 1880 in
848 1846 978 1881 Charta
1017 1845 1114 1881 Anni

360 1893 574 1927 MCCVIII.
617 1906 720 1940 quam
751 1895 898 1937 produxi
929 1897 963 1930 in
1005 1896 1109 1931 Addi-

361 1942 529 1977 rameniis
559 1942 598 1977 ad
632 1943 835 1979 chronicon
865 1945 1086 1981 Casauriense
1107 1971 1117 1986 ‚

363 1994 455 2028 Part.
487 1995 533 2028 ΙΙ.
564 1994 674 2030 Tomi
706 1995 751 2031 ll.
784 1999 859 2031 Rer.
898 1997 1008 2032 Italic.
1044 2010 1116 2043 pag.

363 2055 450 2091 992.
489 2043 543 2078 Ibi
580 2055 792 2081 memoratur
830 2047 955 2088 Rustico
990 2050 1117 2089 Comes,

363 2095 418 2141 qui
451 2094 567 2128 rem-m
601 2109 705 2130 nomen
737 2101 822 2132 astro
853 2108 999 2138 vocatur,
1037 2097 1118 2133 idest
1157 2089 1185 2122 E

365 2147 484 2191 Azzo.
512 2147 746 2191 Supranomen
775 2147 842 2183 fuit
870 2148 1037 2191 Rusticus,
1065 2148 1118 2183 uti

365 2204 464 2244 patet
483 2208 500 2230 e
526 2195 796 2241 subscriptione,
818 2199 876 2234 ubi
901 2199 1045 2234 habetur
1066 2199 1114 2232 si-

363 2257 464 2293 gnum
496 2259 604 2280 ”ianus
631 2246 769 2281 Afiam's
798 2249 948 2292 Comith,
977 2249 1031 2295 qui
1058 2252 1119 2283 Su-

365 2307 534 2344 pranomen
561 2296 688 2337 Rustico
713 2308 860 2334 vocatur.
896 2301 950 2334 Ita
978 2300 1118 2334 Malim*

366 2346 470 2390 vast,
496 2347 712 2392 Pappasava,
736 2349 971 2395 ngimelqga,
994 2350 1122 2392 Scalzt',

367 2397 529 2440 cathari,
565 2399 778 2444 Trappolim',
814 2399 970 2447 aliaeque
1007 2399 1123 2435 Fami-

367 2448 436 2484 liae
470 2448 659 2484 Patavinae
687 2448 934 2486 invaluerunt.
969 2452 1021 2485 Ita
1054 2452 1123 2484 Ge·-

367 2511 454 2535 nuae
476 2500 657 2543 Mamali,
678 2499 865 2542 castaneae,
885 2500 1029 2542 Genucii,
1047 2503 1123 2534 Em-

367 2548 486 2590 briaci,
523 2549 711 2598 Strejaporct’
726 2573 738 2590 ‚
777 2551 940 2588 Bararerii
955 2576 965 2592 ,
999 2550 1099 2587 Grilli
1116 2578 1126 2595 ‚

1179 330 1183 349 ⁵
1214 333 1412 372 comattarii,
1443 334 1598 382 aliaeque
1634 336 1750 383 stirpes
1780 337 1967 373 emersere.

1217 386 1339 430 Neque
1375 383 1440 419 alia
1470 385 1570 433 origo
1597 388 1777 423 Bononiae
1807 387 1876 423 fuit
1903 401 1966 423 no-

1216 434 1345 469 bilibus
1376 434 1577 480 quibusdam
1609 437 1788 478 Familiis,
1818 442 1968 473 Boncom-

1214 486 1348 530 pugnis,
1385 485 1607 529 fachinam„
1636 489 1862 534 Bendvoglis,
1901 489 1967 525 sive

1217 536 1416 577 Beniivolis,
1443 537 1660 581 Bzamhmis,
1686 537 1731 575 &⁴
1760 540 1968 583 Biancbinis‚

1215 587 1329 630 Graffis
1342 610 1352 625 ,
1373 587 1558 631 Bolognmis
1571 614 1580 630 ,
1600 588 1877 634 (Planasia-villanis,
1897 593 1967 625 Sec-

1216 638 1389 669 cadenariis
1407 663 1416 679 ‚
1454 637 1680 681 Bocsadeferris
1697 662 1708 677 ‚
1744 640 1968 683 Manujanis‚

1217 687 1460 729 Mezzavaecis‚
1490 689 1743 733 Magna-vaccis,
1773 689 1968 728 Malvitiis,

1217 746 1254 770 ut
1282 737 1366 772 alias
1391 737 1554 772 omittam
1570 764 1578 772 .
1607 738 1807 773 Florentiae
1831 752 1970 786 quoque

1218 786 1308 820 idem
1338 787 1490 835 contigit
1518 788 1726 834 Bmaguisis,
1756 790 1942 824 Beeculaccis
1960 816 1969 833 ,

1217 837 1377 875 Brccutis,
1402 839 1591 871 Baronceltis
1608 862 1618 877 ‚
1645 840 1827 878 Ubriachis,
1851 842 1969 883 Imper-

1217 885 1304 917 tum's
1321 911 1330 928 ,
1367 887 1558 928 Fere-boschis
1575 911 1585 926 ‚
1622 889 1848 935 Tornaquincis
1865 913 1875 929 ‚
1913 890 1971 924 Ti-

1217 934 1308 974 niosis
1324 959 1335 974 ,
1363 937 1497 980 Pazziis
1514 962 1524 978 ‚
1552 939 1751 971 Boccarondis
1765 963 1776 977 ‚
1802 940 1835 973 &
1865 939 1944 975 aliis
1961 967 1969 975 .

1218 984 1430 1031 Hujusmodi
1456 986 1679 1033 Cognomina
1707 986 1743 1021 in
1773 987 1839 1023 suis
1866 990 1972 1025 vrbi-

1219 1035 1278 1070 bus
1304 1035 1536 1084 unusquisque
1561 1037 1660 1072 nullo
1688 1037 1831 1085 negotio
1854 1037 1973 1087 depre-

1218 1085 1366 1122 hendere
1403 1085 1560 1134 poterit.
1601 1088 1774 1135 Exemplo
1816 1087 1855 1123 fit
1896 1102 1974 1137 prae

1218 1137 1340 1173 ceteris
1377 1137 1466 1184 apud
1505 1137 1726 1173 Florentinos
1763 1139 1899 1174 eosdem
1936 1152 1973 1175 e-

1217 1188 1333 1237 gregia
1361 1191 1544 1235 Capponum
1572 1190 1686 1231 Gens,
1718 1189 1814 1237 cujus
1844 1202 1975 1238 cogno-

1218 1246 1374 1274 mentum
1412 1239 1528 1273 nullus
1558 1238 1703 1282 dubito,
1741 1240 1826 1286 quin
1863 1239 1973 1287 origi-

1217 1302 1294 1324 nem
1317 1287 1475 1323 sumserit
1495 1289 1537 1323 ab
1559 1288 1706 1336 antiquo
1726 1289 1874 1337 ejusdem
1897 1289 1974 1325 stir-

1218 1339 1269 1384 pis
1306 1339 1395 1374 Viro
1418 1365 1428 1382 ‚
1465 1351 1566 1386 quem
1608 1340 1758 1386 Populus
1795 1343 1972 1384 Capponem

1219 1403 1276 1437 per
1302 1390 1490 1437 Agnomen
1528 1389 1734 1436 appellarit.
1771 1390 1853 1425 Inde
1888 1391 1974 1424 Filii

1218 1440 1379 1484 Capponis
1399 1465 1409 1481 ,
1437 1451 1475 1473 ac
1511 1438 1650 1473 tandem
1680 1442 1863 1484 Capponum
1896 1453 1974 1486 pro-

1216 1489 1332 1536 genies
1358 1487 1514 1531 emersit,
1534 1487 1751 1523 Clariffimos
1777 1489 1881 1523 Viros
1907 1489 1972 1524 Gi-

1217 1552 1298 1574 num
1324 1539 1356 1573 8(
1384 1537 1533 1574 Nerium
1557 1537 1682 1577 enixa,
1708 1551 1854 1585 quorum
1884 1539 1973 1587 gesta

1217 1589 1319 1625 habes
1344 1602 1362 1624 a
1387 1601 1442 1624 me
1465 1589 1557 1624 edita
1582 1588 1619 1623 in
1644 1588 1867 1624 ColleElione
1894 1592 1971 1626 Rer-

1219 1640 1438 1675 Italicarum.
1466 1641 1494 1674 E
1533 1638 1643 1674 Nerio
1672 1639 1756 1674 Gini
1788 1638 1864 1674 filio
1893 1653 1972 1688 pro-

1217 1691 1332 1733 diere,
1367 1702 1458 1724 nunc
1496 1689 1693 1724 Florentiae
1720 1689 1855 1725 summo
1893 1703 1971 1725 cum

1218 1741 1349 1776 honore
1374 1739 1557 1780 florentes,
1586 1739 1757 1775 Familiae
1782 1750 1849 1776 tres
1874 1740 1975 1776 Mar-

1219 1791 1384 1827 chionum
1402 1818 1412 1834 ‚
1441 1790 1576 1826 scilicet
1602 1790 1777 1837 Scipionis
1815 1790 1972 1832 Mariae,

1219 1841 1383 1889 Josephi‚
1423 1842 1456 1876 &
1496 1840 1613 1876 Petri.
1650 1843 1770 1888 Atque
1811 1849 1850 1876 ut
1885 1842 1972 1877 alios

1221 1901 1430 1936 praeteream
1471 1890 1700 1936 Capponioe,
1730 1904 1747 1926 e
1783 1891 1975 1928 Laurentio

1220 1943 1307 1978 Gini
1344 1942 1421 1978 filio
1448 1941 1714 1985 descendentes,
1742 1940 1780 1977 &
1808 1954 1899 1977 nunc
1937 1941 1974 1978 in

1221 1993 1339 2028 Gallia
1376 1992 1560 2041 vigentes,
1596 2006 1638 2027 ex
1667 1991 1861 2040 Augustino
1887 1991 1976 2027 Gini

1222 2043 1325 2079 fratre
1354 2052 1540 2092 propagata
1568 2042 1636 2078 fuit
1664 2042 1862 2078 Florentiae
1899 2055 1977 2088 pro·

1223 2093 1314 2142 sapia
1357 2093 1532 2129 Ferrantis
1573 2093 1750 2140 Capponii
1793 2092 1947 2128 Comitis
1965 2115 1976 2132 ‚

1224 2144 1424 2187 Senatoris‚
1453 2143 1488 2179 ἃ
1518 2144 1681 2191 Equitis,
1715 2152 1817 2191 atque
1845 2145 1976 2178 Romae

1225 2195 1349 2242 degens
1388 2195 1589 2229 Alexander
1624 2195 1812 2241 Gregorius
1839 2195 1980 2241 Cappo-

1225 2245 1302 2280 nius
1331 2243 1515 2282 Marchio‚
1550 2242 1587 2279 &
1617 2243 1776 2278 Forerius
1804 2243 1978 2290 supremus

1227 2294 1377 2330 Romani
1392 2293 1592 2329 pontificis.
1609 2306 1711 2341 quem
1728 2293 1869 2328 honoris
1883 2292 1979 2328 caus-

1226 2346 1261 2381 sa
1297 2345 1343 2380 ob
1381 2344 1452 2391 ejus
1492 2343 1676 2391 speetatam
1712 2342 1978 2383 Eruditionem,

1228 2409 1266 2431 ac
1296 2396 1504 2430 benevolum
1539 2407 1617 2441 erga
1651 2406 1706 2429 me
1739 2393 1893 2429 animum
1926 2394 1980 2429 lu-

1230 2447 1348 2481 benter
1369 2457 1626 2480 commemoro.
1647 2444 1752 2487 Quod
1777 2447 1859 2479 vero
1884 2444 1921 2479 in
1948 2445 1981 2478 1-

1230 2496 1315 2532 talia
1341 2496 1382 2530 de
1407 2494 1669 2543 Agnominibus
1696 2494 1731 2529 in
1758 2493 1982 2542 Cognomina

1232 2545 1400 2584 conversis
1426 2545 1556 2583 fabium
1582 2544 1756 2586 vidimus,
1779 2545 1869 2582 idem
1896 2557 1985 2591 quo-

1868 2608 1934 2644 que
