2216 3100
250 168 301 208 57
510 147 873 192 Digffiffiuffm
907 145 1486 191 TRJGESJMASEPTJMAE
1699 153 1751 205 58

186 221 326 247 termam
351 213 445 256 (quo
466 208 607 242 nomine
629 207 657 241 is
678 206 788 240 adhuc
811 220 828 241 a
846 219 944 241 mon·
971 207 1018 241 ἸΑ
1056 216 1123 251 que
1160 217 1219 249 par
1254 205 1299 239 est
1336 206 1470 240 credere
1488 233 1497 249 ,
1534 207 1812 251 hospitalitatem

190 264 281 297 tium
323 259 578 294 habitatoribus
625 257 795 299 donatur,
837 270 943 303 quum

189 311 349 358 planitiei
377 309 513 344 incolae
541 309 714 341 Pannrium
743 309 944 355 appellent)

188 361 329 397 sanetus
365 358 551 394 Anselmus
590 358 834 393 Nonantulani
862 360 942 393 Mo—

186 410 321 446 nasterii
358 409 540 448 fundator,
569 418 607 443 ut
636 408 731 455 supra
769 407 944 451 vidimus,

186 460 407 507 Hospitalem
428 460 570 495 domum
593 458 652 493 sub
674 458 816 494 nomine
831 459 945 493 sanai

183 511 346 550 Ambrosii
373 510 568 547 excitavit,
597 510 693 556 cujus
729 510 825 544 nulla
853 522 943 544 nunc

185 561 330 609 vestigia
369 560 564 609 supersunt.
603 560 658 595 Ad
696 558 845 595 fiuvium
873 562 943 595 Ga—

184 611 339 654 bellum,
374 625 464 646 nunc
499 611 645 652 flechia,
681 609 719 645 in
756 623 838 658 agro
878 613 941 646 Re-

185 661 290 710 gienfi
317 662 540 697 constitutum
567 660 763 708 antiquitus
790 660 858 695 fuit
882 665 943 694 Xe-

185 713 364 746 nodochium
394 712 561 746 Herberiae
596 724 758 759 perquam
797 712 943 759 opulen-

185 771 284 806 tum,
306 763 397 809 quod
422 762 531 798 adhuc
558 762 674 810 viget.
703 761 828 797 Rursus
854 763 943 810 apud

184 826 248 848 nos
277 813 334 848 via
370 813 435 856 est,
464 826 550 861 quae
587 814 716 848 Saxolo
753 813 792 847 ad
821 812 942 848 Garsa-

185 876 332 911 gnanam
362 877 401 898 ac
425 863 591 899 Tusciam
619 877 678 910 per
702 863 946 911 interpolitum

185 915 416 961 Apenninum
454 915 578 949 ducit.
616 914 697 950 Illic
735 914 772 949 in
810 914 891 962 jugo
929 927 946 949 a

187 964 328 1000 vetustis
356 966 572 1013 temporibus
600 965 754 999 excitata
782 964 849 998 fuit
878 977 943 999 una

184 1027 263 1048 cum
291 1016 446 1060 Templo
474 1015 596 1047 domus
631 1013 866 1060 hospitalitati
895 1013 941 1047 sa-

186 1076 264 1102 cra,
293 1076 397 1110 quam
435 1063 598 1108 Hospitale
634 1063 747 1096 SanHi
782 1063 946 1108 Peregrini

185 1113 296 1149 adhuc
342 1121 568 1157 nuncupant,
599 1111 781 1146 'reditibus
827 1122 943 1146 tamen
989 1111 1022 1147 C

185 1161 343 1202 cunffiis,
365 1171 469 1206 atque
492 1160 720 1204 eleemosynis
746 1173 788 1194 ex
811 1160 943 1207 iniqui-

184 1219 257 1247 tate
285 1221 481 1258 temporum
510 1211 548 1245 in
578 1208 737 1244 Recloris
774 1209 876 1245 Laici
907 1224 943 1245 u-

186 1261 358 1297 tilitatem
397 1274 488 1296 nunc
526 1260 749 1303 cedentibus,
780 1273 848 1295 non
886 1273 944 1296 au-

187 1322 257 1348 tem
285 1312 321 1347 in
349 1313 540 1358 Pauper-um
567 1311 797 1352 alimentum.
820 1311 945 1357 quibus

186 1377 205 1398 a
234 1362 363 1411 pietate
401 1362 576 1397 Fide-lium
614 1361 752 1397 fuerunt
787 1361 946 1397 destinati

187 1412 226 1449 &
243 1414 352 1448 adhuc
369 1413 601 1448 destinantur.
618 1413 844 1456 Fraxinorense
860 1426 943 1459 quo—

188 1476 255 1511 que
282 1463 531 1499 Monasterium
559 1463 595 1498 in
619 1462 740 1497 iisdem
770 1464 948 1498 montibus

188 1513 345 1549 additum
377 1514 442 1548 fuit
470 1528 488 1549 a
516 1513 693 1548 Mathilde
721 1526 845 1561 magna
872 1512 945 1549 Co-

1056 253 1093 289 in
1124 253 1182 289 usu
1211 253 1328 289 fuisse.
1359 257 1535 290 Praeterea
1563 260 1604 292 ab
1634 273 1716 307 agro
1747 262 1812 294 Re-

1056 303 1161 352 giensl
1190 304 1258 339 alia
1293 304 1350 340 via
1378 305 1445 348 est,
1474 319 1559 352 quae
1596 320 1655 351 per
1689 312 1813 345 Cerre-

1056 364 1130 389 tum
1161 356 1193 389 &
1223 355 1484 402 Ligonchium,
1512 356 1659 404 traje&0
1696 362 1814 405 Apen-

1057 406 1165 448 nino,
1193 405 1230 440 in
1267 405 1522 454 Garfagnanam
1561 406 1737 443 descendit
1773 410 1813 445 ad

1057 456 1234 491 Silanum.
1258 457 1433 502 Utrinque
1460 471 1548 504 pone
1570 458 1687 505 jugum
1715 472 1815 494 mon-

1056 506 1104 541 tis
1131 507 1300 542 exstrue'ta
1326 507 1414 541 olim
1444 507 1536 544 fuere
1569 509 1815 554 Xenodochia,

1058 556 1184 604 quibus
1212 557 1322 592 adhuc
1349 557 1394 592 est
1431 571 1558 593 nomen
1590 560 1816 605 Hospitalcm',

1057 606 1178 654 ibique
1206 608 1345 643 Caritas
1373 619 1570 644 exercetur.
1601 612 1686 645 Sunt
1715 609 1752 645 &
1781 624 1816 645 a-

1058 658 1106 693 lia
1133 658 1171 693 in
1207 658 1460 695 Mutinenfium
1501 660 1679 695 montibus
1718 661 1816 705 loca,

1058 722 1145 756 quae
1170 722 1241 744 non
1266 722 1412 754 munus,
1441 710 1495 746 sed
1520 723 1647 746 nomen
1674 710 1740 746 hoc
1765 724 1820 746 re-

1059 759 1196 803 tinent,
1225 762 1398 808 appellata
1435 774 1558 809 nempe
1595 761 1819 806 Hospitaletti.

1060 812 1112 846 Ita
1150 810 1423 847 Bononiensibus
1460 811 1504 847 est
1533 812 1610 856 via,
1641 825 1727 859 quae
1763 825 1820 860 per

1062 862 1287 908 Apenninum
1317 862 1417 897 ducit
1442 862 1480 898 in
1518 862 1755 898 Pistoriensem
1785 876 1820 898 a-

1061 926 1184 960 grum,
1212 913 1332 960 ibique
1360 912 1467 948 etiam
1497 913 1596 949 durat
1627 914 1819 958 Hospitalet-

1061 964 1088 995 ti
1116 964 1348 1003 vocabulum,
1374 964 1464 999 illud
1493 963 1651 1004 fortasse,
1680 964 1736 999 cui
1767 977 1821 998 ce·

1065 1013 1247 1047 leberrima
1277 1014 1466 1049 Comitiffa
1504 1014 1692 1050 Mathildis
1732 1015 1822 1050 mul-

1063 1071 1116 1096 tos
1145 1061 1266 1096 fundos
1305 1063 1342 1097 in
1372 1064 1578 1100 beneficium
1619 1065 1822 1113 Peregrino-

1064 1125 1139 1146 rum
1168 1112 1340 1147 contulit.
1367 1113 1521 1150 Videant
1548 1115 1675 1150 eruditi
1706 1118 1823 1150 Bono-

1065 1160 1196 1194 nienses
1209 1188 1219 1203 ,
1237 1175 1318 1196 num
1337 1163 1376 1196 ad
1394 1163 1504 1209 ipsum
1526 1165 1696 1211 pertineat
1711 1165 1824 1201 Char-

1065 1219 1121 1248 ta,
1150 1209 1311 1246 informis
1340 1221 1479 1255 tamen,
1507 1216 1548 1248 ab
1578 1215 1732 1250 Henrico
1759 1218 1823 1252 IV.

1069 1260 1245 1306 Augusto,
1277 1274 1346 1295 non
1384 1271 1550 1310 tanquam
1588 1266 1824 1310 Imperatore,

1066 1310 1120 1345 sed
1153 1320 1317 1358 tanquam
1359 1312 1506 1360 ejusdem
1539 1313 1728 1349 Mathildis
1766 1316 1825 1351 he-

1066 1361 1164 1404 rede,
1194 1371 1232 1396 ut
1268 1362 1297 1396 is
1332 1364 1584 1403 contendebat,
1614 1363 1824 1412 subscripta,

1065 1410 1102 1447 &
1131 1411 1225 1460 figno
1252 1411 1380 1448 Crucis
1410 1427 1512 1450 manu
1541 1414 1642 1462 ipfius
1674 1417 1826 1463 Impera-

1064 1462 1150 1497 toris
1175 1473 1316 1499 exarato
1342 1463 1500 1507 firmata,
1522 1478 1625 1513 quam
1653 1466 1739 1501 olim
1765 1466 1824 1502 Pi-

1063 1513 1157 1548 florii
1185 1513 1221 1548 in
1252 1513 1412 1550 Archivo
1452 1517 1707 1551 Monachorum
1738 1517 1824 1552 Val-

188 1563 319 1600 mitiffa
346 1564 485 1613 ejusque
523 1573 634 1599 matre
671 1564 850 1609 Beatrice,
879 1564 948 1600 ibi·
976 1565 1024 1603 11)
1064 1564 1323 1600 lis-Umbrosae
1350 1565 1464 1614 legere
1491 1566 1581 1602 mihi
1610 1567 1784 1615 contigit.

261 1683 475 1724 Decretum
508 1680 776 1723 immunitatis
807 1683 1022 1725 conceffum
1059 1681 1252 1737 Hospitali
1286 1683 1407 1738 posito
1438 1681 1548 1736 juxta
1580 1686 1741 1726 Renum

497 1741 539 1783 in
572 1744 694 1783 Curte
729 1743 993 1792 Marchionis,
1027 1744 1075 1782 ab
1109 1742 1284 1783 Henrico
1316 1744 1425 1797 Rege
1459 1744 1509 1783 V.

675 1804 914 1858 Imperatore
949 1804 1019 1844 lV.
1053 1804 1174 1842 Anno
1211 1803 1336 1842 1218.

238 1918 275 1951 N
298 1917 418 1951 nomine
447 1917 576 1952 Domini
602 1918 666 1952 Dei
692 1919 813 1955 eterni.
850 1922 948 1955 Hen—

263 1967 354 2003 ricus
385 1969 446 2002 Dei
470 1969 578 2009 ‚qratia
609 1970 846 2005 Romanorum
880 1973 945 2005 Im-

188 2027 329 2065 perator
357 2019 552 2066 Augustus,
590 2021 752 2064 Impcriali
787 2021 950 2055 clementia

184 2071 329 2114 precibus
375 2072 476 2113 Texazi
529 2070 724 2104 venerahilis
769 2069 950 2116 Presbyteri

187 2129 375 2162 commotus,
419 2123 621 2166 Preceptum,
667 2121 746 2165 quod
786 2122 950 2166 appellant

186 2170 360 2208 Bannum,
387 2169 487 2208 emisit
516 2171 605 2214 super
632 2169 739 2204 domo
769 2172 943 2206 venerabi-

189 2218 239 2261 li,
267 2219 320 2253 boc:
345 2219 398 2261 est,
427 2218 602 2261 Ospitali,
631 2234 687 2266 que
717 2220 884 2261 construffffa
910 2222 951 2263 est

183 2267 281 2314 juxta
309 2274 433 2304 Renum
471 2271 503 2304 in
532 2273 626 2304 Curre
665 2271 886 2310 Marchionis,
916 2283 951 2306 ut

190 2319 224 2352 in
251 2321 392 2355 omnibus
421 2320 534 2365 rebus,
562 2334 635 2366 quas
659 2319 846 2357 Comitifl'a
872 2324 945 2357 Ma-

188 2367 287 2404 tildis
315 2373 412 2405 cidem
439 2372 617 2407 venerabili
643 2374 748 2406 domui
774 2374 893 2419 largita
919 2387 948 2407 e-

187 2429 261 2458 rat,
291 2421 345 2454 vel
374 2423 406 2455 in
433 2423 575 2465 futurum
602 2423 631 2456 ei
663 2424 776 2470 poffint
803 2425 951 2469 adquiri,

189 2471 230 2504 ab
257 2472 340 2504 omm'
375 2473 496 2513 injuria
532 2485 733 2516 permaneant
767 2475 864 2516 inlesa
901 2484 943 2508 at-

186 2530 242 2564 que
270 2521 450 2560 inviolata.
486 2527 552 2561 Nec
587 2538 662 2560 vero
697 2524 860 2573 quisquam
896 2526 951 2560 ho-

1065 1918 1184 1953 minum
1218 1919 1414 1962 publicarum
1445 1917 1619 1962 saHionum
1650 1919 1825 1955 exac‘Jorum

1065 1970 1194 2016 aliquod
1219 1969 1261 2003 ab
1288 1984 1324 2004 ea
1356 1980 1456 2014 petere
1491 1973 1545 2004 vel
1581 1972 1732 2015 percipere
1767 1984 1826 2005 au-

995 2024 1024 2056 E
1065 2026 1160 2062 deut,
1189 2019 1251 2060 mst
1278 2021 1330 2053 illi
1360 2023 1526 2066 Imperator
1553 2021 1615 2066 ipse
1643 2022 1826 2056 nominatim

1064 2069 1196 2114 jubeat.
1224 2071 1320 2116 ‚Quod
1342 2071 1370 2112 fi
1397 2085 1457 2117 qua
1489 2071 1569 2114 sorte
1603 2072 1732 2115 persona
1765 2083 1826 2117 pu-

1067 2120 1151 2155 blica
1171 2121 1226 2164 seu
1262 2121 1394 2167 privata
1425 2132 1530 2156 contra
1563 2123 1712 2168 presentis
1741 2133 1826 2155 teno-

1067 2184 1128 2204 rem
1155 2171 1284 2218 aliquod
1312 2171 1449 2218 injuriae
1484 2172 1552 2215 jam
1579 2173 1683 2206 diHae
1714 2170 1826 2206 Dama}

1066 2221 1233 2264 intulerit,
1261 2223 1315 2256 vel
1340 2222 1465 2269 aliquid
1485 2226 1525 2257 ab
1545 2237 1580 2257 ea
1606 2222 1725 2268 publice
1746 2221 1826 2264 sun·-

1066 2271 1182 2306 dionis
1220 2273 1340 2306 nomine
1375 2274 1544 2307 tentaverit
1583 2273 1718 2317 exigere,
1756 2284 1825 2304 cen-

1066 2332 1130 2356 tum
1159 2324 1329 2358 Librarum
1355 2324 1427 2357 auri
1455 2323 1565 2366 optimi
1588 2336 1664 2369 pene
1700 2321 1743 2362 sit
1769 2322 1825 2355 ob-

1067 2374 1198 2417 noxius,
1229 2374 1314 2418 cujus
1352 2375 1517 2408 dimidium
1554 2375 1675 2419 quidem
1714 2371 1824 2413 nostris

1060 2424 1214 2468 scriniis,
1241 2425 1410 2458 dimidium
1446 2437 1518 2458 vero
1552 2423 1618 2467 jam
1654 2421 1739 2456 dic‘le
1763 2434 1823 2456 ve·

1062 2476 1196 2514 nerabili
1222 2475 1328 2511 domui
1349 2475 1530 2524 persolvat.
1685 2522 1713 2559 Β

1642 2526 1687 2560 A
1715 2535 1767 2560 um
