2216 3100
243 216 324 268 289
545 212 910 254 DISSERTATIO

183 274 364 322 vulgarem
391 271 595 320 Linguam,
635 269 795 305 Italicam
833 270 941 306 nimi-

185 337 285 364 rum,
312 322 479 370 usurpaffe
507 320 546 356 ad
575 320 771 356 condendos
796 321 942 355 Versus.

185 377 286 420 Quae
321 371 479 408 omnium
518 370 741 407 vetustiffima
779 373 943 406 Poemata

184 424 329 460 Italicae
367 421 527 470 Linguae
566 421 774 469 supersunt,
816 420 943 457 Siculis

185 474 303 509 Poetis
334 472 556 508 tribuuntur.
591 471 731 519 Insuper
759 472 969 523 Petrarchal

186 524 224 560 in
253 522 440 570 Triumph.
470 525 594 558 Amor.
621 524 707 569 Cap.
735 535 770 568 4.
800 522 969 557 1:2322031

188 577 309 609 Po'e'tas
339 572 541 613 recensens,
573 582 825 609 commemorat
853 574 864 606 i
891 572 941 606 Ji-

186 625 296 659 ciliani
311 652 321 669 ‚

237 703 301 735 Che
321 700 380 745 sur
400 700 460 747 3ίᾶ
491 698 610 747 primi,
641 713 657 734 e
682 698 776 746 quivi
801 712 876 734 eran
903 701 946 734 da

335 751 456 796 sezzo.

238 825 342 861 Unde
377 828 460 861 vero
497 825 607 861 Siculi
644 825 821 862 hauserint
857 828 947 862 Ver-

189 875 286 912 suum
324 889 364 912 ae
402 878 605 913 Poematurn
640 877 840 925 vulgarium
876 876 947 912 for-

190 940 283 963 mam
298 954 307 969 ‚
326 926 493 975 usumque
510 927 778 963 consonantium
797 939 924 963 vocum
938 954 948 972 ‚

190 988 291 1013 antea
315 977 530 1024 disputatum
556 977 600 1012 est
627 980 720 1012 inter
745 977 890 1013 italicos
914 990 946 1012 e·

189 1028 345 1063 raditos.
373 1027 545 1070 johannes
573 1027 708 1062 Marius
731 1027 948 1063 CrescimBe-

191 1079 291 1121 nim,
330 1077 386 1112 cui
415 1077 513 1125 supra
542 1088 674 1113 ceteros
711 1078 824 1113 lucem
855 1077 949 1114 suain

191 1128 294 1164 debet
330 1127 485 1163 Historia
522 1127 666 1163 Italicae
706 1127 875 1171 poeseos,
913 1127 950 1163 in

193 1181 396 1214 Comment.
416 1179 521 1212 Tom.
548 1177 650 1224 prim.
676 1178 763 1220 Cap.
792 1189 824 1212 2.
855 1179 942 1212 velu-

192 1228 222 1263 ti
252 1239 321 1261 rem
349 1227 612 1270 evidentxffimam
640 1225 788 1270 statuit,
817 1225 952 1261 Siculos

191 1291 209 1313 a
238 1275 520 1312 provincialibus
546 1275 686 1321 Fceris,
711 1288 860 1323 quorum
887 1275 949 1310 Vi-

192 1337 244 1364 tas
266 1325 511 1362 Nostradamus
537 1325 682 1375 scriptas
708 1325 876 1373 reliquit,
898 1334 948 1362 ut-

193 1388 276 1424 pote
312 1376 373 1425 qui
413 1387 513 1412 antea
552 1375 720 1416 floruere,
757 1375 951 1412 universam

193 1427 336 1463 Pceseos
357 1426 601 1462 oeconomiam
629 1426 727 1462 fuiffe
754 1436 952 1462 mutuatos.

193 1480 240 1514 Et
268 1490 387 1513 revera
416 1476 696 1512 Provincialium
718 1477 885 1513 Carmina
907 1476 952 1512 fe·

193 1542 229 1565 re
268 1527 386 1563 omnia
422 1527 673 1574 compleRitur
708 1527 877 1575 pretiosus
908 1530 951 1563 E—

193 1578 304 1614 stenfis
326 1577 568 1613 Bibliothecae
589 1576 715 1613 Codex
739 1591 843 1614 manu
871 1592 948 1614 exa-

194 1639 287 1665 ratus
318 1632 424 1663 Anno
452 1629 663 1664 MCCLIV.
692 1628 817 1676 eosque
852 1629 952 1665 novi-

194 1693 272 1715 mus
301 1678 460 1726 scripfiffe
484 1678 608 1714 Versus
636 1678 678 1714 ab
703 1681 811 1714 Anno
833 1681 953 1716 Mcx.

195 1730 299 1778 usque
322 1730 362 1764 ad
383 1729 528 1765 eundem
553 1731 720 1769 Annum,
742 1743 849 1776 quum
872 1744 953 1766 con—

197 1790 249 1816 tra
263 1809 271 1822 ,
285 1780 488 1816 Italicorum
502 1782 686 1816 Poetarum
699 1780 879 1829 vestigium
893 1782 954 1818 vix

196 1831 269 1879 post
297 1833 440 1866 Annum
468 1829 603 1866 Christi
630 1833 752 1867 MCC.
779 1845 871 1868 nunc
899 1832 955 1868 in-

197 1881 379 1917 veniamus
392 1905 401 1918 ,
417 1889 521 1928 atque
537 1894 658 1916 eorum
680 1891 852 1929 praeterea
871 1896 954 1932 pau-

198 1933 270 1967 culi
299 1931 447 1971 Versus.
475 1930 626 1966 incomti
655 1932 803 1967 omnino
832 1947 871 1969 ac
898 1947 954 1970 ru-

197 1982 276 2021 des,
297 1981 468 2016 nascentis
496 1981 637 2017 poeseos
662 1981 850 2018 infantiam
876 1997 955 2032 pro-

198 2032 302 2067 dant.
330 2031 551 2067 Clariffimus
578 2041 694 2068 autem
724 2034 956 2070 Fontaninius

197 2082 237 2118 in
273 2081 355 2119 Lib.
391 2082 505 2130 primo
541 2082 583 2119 de
617 2084 805 2130 Eloquens.
842 2083 955 2120 Italic.

198 2135 285 2180 ἔαρ.
310 2145 345 2179 7.
372 2134 406 2168 δε
434 2133 588 2181 sequent.
616 2133 766 2170 ostendit
792 2134 955 2170 Brunetti

197 2183 324 2221 Latini
362 2183 572 2219 auffloritate
607 2182 737 2228 fretus,
774 2185 955 2233 vulgarem

199 2234 480 2271 Provincialium
521 2233 577 2270 seu
617 2236 828 2270 Francorum
866 2235 955 2272 Lin-

198 2297 301 2333 guam
332 2287 440 2321 Anno
470 2286 661 2321 MCCLX.
698 2284 796 2321 fuiffe
832 2287 866 2321 la
897 2288 956 2334 piis

202 2336 380 2370 dilettevole
407 2336 495 2380 esa
527 2337 586 2382 piis
612 2349 756 2380 comune,
792 2337 844 2371 che
879 2338 958 2372 tutti

199 2385 250 2432 gli
275 2386 352 2420 altri
377 2386 593 2433 Linguaggi:
628 2399 667 2423 ae
702 2396 884 2435 propterea
909 2388 956 2424 il-

203 2434 273 2471 lius
300 2435 469 2472 sententia
498 2437 564 2477 est,
598 2450 670 2473 non
706 2436 818 2474 solum
846 2452 889 2474 ex
918 2453 957 2475 ea

203 2485 342 2535 Lingua
367 2488 475 2523 Italos
498 2486 664 2524 derivasse
687 2497 796 2524 artem
818 2489 955 2535 Rhyth-

204 2547 339 2571 morum
369 2537 588 2584 vulgarium,
615 2538 670 2574 sed
689 2539 820 2584 etiam,
847 2541 897 2576 che
923 2542 982 2588 la,

303 2590 389 2621 'Iaza
419 2589 506 2623 VIII.

959 207 1449 269 ‚QUADRAGESLMAE
1468 210 1478 219 ¹

974 276 1008 307 A

985 721 1012 755 Ξ

1666 228 1687 256 2
1723 229 1749 255 0

1052 268 1182 315 Lingua
1209 268 1406 312 Provenzale
1433 261 1469 301 in⁴
1492 269 1595 303 naht>
1625 270 1664 314 su
1689 230 1810 306 19lu‘1adre

1052 319 1086 353 in
1110 331 1191 363 gran
1216 328 1306 364 pane
1324 316 1401 352 dell’
1411 319 1554 353 Iuliana
1578 321 1655 365 dopo
1674 322 1700 355 il
1718 325 1808 356 Seso-

1052 370 1081 402 Io
1098 369 1279 403 Undecimo.
1300 367 1470 416 Equidem
1490 367 1660 415 suspicor,
1679 373 1811 406 Fonta-

1052 418 1189 454 ninium
1216 419 1392 454 neminem
1419 428 1489 454 tam
1515 420 1650 454 enormi
1675 420 1812 456 senten-

1053 470 1123 505 tiae
1144 469 1419 504 consentientem
1445 469 1667 508 habiturum,
1689 483 1811 517 quam-

1017 540 1021 573 3
1052 533 1154 567 quam
1181 521 1213 555 ὅ(
1241 520 1412 555 Vax-chius
1442 520 1634 564 censuerit,
1662 521 1812 557 Provin-

1053 571 1197 606 cialium
1236 571 1412 619 Linguam
1455 581 1583 605 matrem
1620 585 1734 617 magna
1776 586 1812 606 ex

1049 632 1140 667 parte
1157 620 1251 666 suiffe
1272 621 1415 656 Italicae
1442 621 1512 669 post
1529 625 1671 657 Annum
1690 624 1811 658 MCC.

1054 673 1178 718 Neque
1213 670 1308 706 enim
1345 681 1416 706 tam
1447 672 1518 707 sero
1556 672 1711 716 emersit,
1749 673 1812 708 sta-

1052 732 1199 769 tumque
1226 722 1361 770 accepit
1389 722 1513 757 Italica
1541 723 1706 771 Lingua:
1742 723 1811 759 im-

1053 785 1112 808 mo
1132 771 1215 808 haec
1235 786 1253 808 a
1271 772 1553 808 provincialibus
1569 773 1703 809 nonnifi
1727 787 1812 822 pau-

1053 837 1092 859 ca
1109 824 1277 858 vocabula
1295 823 1450 870 accepit,
1469 825 1521 859 uti
1542 825 1610 872 jam
1630 825 1740 872 palam
1764 824 1813 860 fa-

1053 874 1148 910 ?cum
1165 873 1210 909 est
1225 873 1322 921 supra
1338 874 1374 909 in
1392 875 1642 910 Dissertatione
1663 874 1812 911 XXXII.

1053 931 1092 959 de
1114 925 1242 971 Origine
1267 925 1412 971 Linguae
1437 926 1589 961 Italicae.
1617 928 1664 961 Et
1690 939 1814 973 quam-

1055 987 1158 1021 quarn
1182 975 1309 1009 multas
1331 988 1432 1011 voces
1454 989 1495 1011 ex
1516 978 1726 1012 Francorum
1754 984 1814 1012 aut

1058 1025 1335 1060 Provinciah'um
1383 1027 1522 1075 Lingua
1567 1027 1604 1062 in
1651 1027 1814 1063 Italicam

1057 1076 1215 1123 migrasse
1242 1078 1420 1112 daremus:
1452 1090 1522 1112 non
1551 1087 1729 1126 propterea
1760 1078 1815 1127 ju-

1056 1139 1092 1161 ra
1112 1126 1241 1162 Matris
1262 1127 1320 1162 illi
1346 1128 1528 1164 tribuenda
1554 1127 1690 1164 forent.
1716 1130 1816 1164 Hue-

1057 1176 1126 1211 tius
1155 1175 1248 1222 ipse,
1272 1177 1327 1212 vir
1354 1177 1618 1225 speetatiffimae
1645 1179 1817 1215 eruditio-

1057 1225 1131 1264 nis,
1160 1227 1244 1260 licet
1269 1229 1412 1270 Gallus,
1441 1229 1477 1263 in
1504 1229 1585 1264 Lib.
1610 1230 1651 1264 de
1674 1230 1816 1278 Origin.

1058 1276 1214 1309 Fabular.
1232 1278 1437 1312 Romanens.
1456 1279 1583 1314 nostros
1599 1280 1689 1315 ridet
1702 1308 1710 1323 ,
1724 1280 1817 1327 quod

1056 1324 1167 1359 nimia
1189 1325 1402 1362 liberalitate
1425 1329 1550 1363 multas
1572 1329 1732 1377 Linguae
1752 1344 1817 1365 no-

1057 1374 1140 1410 strae
1169 1388 1271 1411 voces
1303 1377 1584 1414 Provincialibus
1614 1380 1724 1414 veluti
1760 1394 1818 1416 ac-

1059 1436 1174 1474 ceptas
1201 1425 1375 1471 referant,
1404 1441 1488 1476 quas
1518 1438 1634 1465 tamen
1663 1443 1740 1465 cum
1770 1431 1818 1466 ii-

1059 1477 1085 1512 li
1115 1486 1187 1512 tum
1215 1490 1279 1512 nos
1305 1479 1412 1514 Latio
1437 1479 1620 1516 debemus.
1647 1483 1819 1530 Exempla

1058 1527 1095 1563 &
1133 1540 1197 1576 ego
1233 1528 1339 1564 attuli
1375 1529 1412 1564 in
1443 1530 1549 1566 Notis
1581 1531 1621 1566 ad
1650 1534 1818 1569 Carmina

1059 1578 1184 1614 Italica
1222 1578 1443 1615 petrarchae.
1491 1582 1652 1629 Denique
1688 1596 1746 1618 eos
1782 1597 1819 1619 e-

1059 1628 1146 1665 tiam
1173 1628 1390 1677 improbavit
1417 1632 1548 1667 Dantes
1573 1633 1752 1681 Aliger-ius
1778 1633 1816 1668 in

1059 1679 1272 1724 Convivio,
1309 1680 1370 1728 qui
1409 1681 1686 1718 provincialium
1725 1683 1818 1720 Lin-

1059 1743 1160 1779 guam
1190 1730 1334 1766 Italicae
1363 1730 1617 1779 praeferebant.
1646 1732 1818 1770 Ceterum

1059 1780 1150 1828 quod
1179 1780 1223 1816 est
1250 1781 1290 1816 ad
1320 1782 1526 1817 Italicorum
1556 1783 1708 1828 Poffim,
1746 1798 1817 1821 non

1059 1832 1117 1866 abs
1138 1844 1173 1866 re
1194 1830 1330 1866 Marius
1351 1832 1521 1880 Equicola
1535 1860 1545 1877 ,
1572 1835 1692 1871 Petrus
1714 1836 1817 1871 Bem-

1061 1882 1143 1926 bus,
1173 1881 1359 1930 Speronius
1375 1907 1385 1921 ‚
1419 1882 1628 1920 Sansovinus
1645 1912 1655 1928 ,
1685 1894 1789 1933 atque
1805 1914 1818 1933 ‚

1059 1943 1098 1968 ut
1129 1932 1216 1968 alios
1253 1932 1418 1969 omittam
1439 1961 1448 1978 ,
1487 1935 1699 1983 praelaudati
1728 1936 1818 1974 Cre-

1060 1982 1269 2018 scimbenius
1307 1984 1341 2018 8<
1380 1985 1613 2022 Fontaninius
1655 1986 1817 2025 arbitrati

1060 2033 1160 2076 sunt,
1181 2033 1356 2082 originem
1380 2034 1475 2071 istius
1496 2049 1514 2071 a
1536 2037 1816 2075 Provincialium
1854 2058 1856 2060 v

1060 2082 1263 2119 imitatione
1291 2084 1356 2120 effe
1382 2086 1530 2122 omnino
1566 2089 1814 2126 arcessendam.

1061 2133 1186 2170 Liceat
1225 2143 1342 2171 tamen
1383 2135 1420 2173 &
1460 2137 1550 2174 mihi
1586 2139 1737 2176 addere:
1776 2140 1815 2176 id

1060 2185 1200 2232 quidem
1222 2186 1296 2222 veri
1317 2185 1448 2232 simile,
1469 2188 1618 2226 minime
1638 2194 1719 2226 vero
1740 2204 1813 2227 cer-

1059 2245 1134 2270 tum
1162 2235 1246 2272 effe.
1280 2239 1356 2280 Jam
1389 2239 1538 2286 produxi
1565 2241 1647 2277 Lib.
1675 2241 1810 2290 primo,

1060 2284 1148 2335 Cap.
1177 2299 1210 2334 3.
1245 2288 1332 2323 della
1366 2289 1507 2338 Perfetta
1545 2291 1670 2336 hesta,
1708 2292 1811 2328 verba

1061 2338 1287 2382 Petrarchae‚
1308 2352 1396 2387 quae
1419 2340 1531 2376 rursus
1559 2341 1635 2377 heic
1659 2341 1812 2378 confide-

1058 2388 1163 2424 randa
1191 2388 1359 2426 veniunt.
1388 2390 1428 2427 In
1458 2390 1674 2427 Praefatione
1698 2392 1739 2426 ad
1763 2395 1812 2428 E-

1058 2438 1197 2487 pistolas
1235 2439 1308 2476 suas
1344 2441 1548 2477 Familiares
1575 2441 1617 2476 de
1644 2440 1764 2478 Libris
1790 2457 1812 2480 a

1057 2489 1091 2525 se
1118 2490 1318 2539 compositis
1354 2492 1417 2526 ille
1453 2504 1575 2539 agens,
1613 2491 1812 2538 Rhythmos

1030 2549 1034 2584 ξ
1058 2540 1166 2577 etiam
1192 2541 1330 2590 vulgari
1364 2541 1504 2590 Lingua
1531 2554 1550 2577 a
1584 2540 1617 2578 se
1652 2543 1814 2581 lucubra-

1113 2593 1149 2626 T
1704 2603 1759 2630 ees
