2216 3100
451 274 530 324 163
783 272 1159 331 ANTJQUJZ
1202 273 1419 317 MEDJI
1452 274 1616 318 ΑΕΗ]
1869 285 1950 332 164

439 353 532 387 More
558 363 661 389 tamen
691 354 787 398 nestro
815 357 907 393 liceat
942 357 1070 400 residere
1096 372 1144 392 ca-

594 406 736 449 ballum,

489 459 653 503 *Armaque
674 457 756 500 serre
782 472 868 494 mea.

390 530 547 576 Negavit
575 531 799 575 Ludovicus,
823 535 855 567 8<
882 547 952 569 rem
983 547 1144 581 peragen-

388 579 466 614 dam
493 581 648 617 decrevit
674 596 752 617 more
781 586 999 627 Francorum;
1023 597 1144 632 quam-

387 642 491 676 quam
531 632 641 679 postea
678 633 719 668 ab
749 647 867 669 eorum
905 635 1062 681 precibus
1090 635 1142 670 vi—

387 680 463 716 &us
491 681 655 727 indulsit,
694 692 732 718 ut
760 684 943 720 secundum
972 685 1146 720 Gothicae

387 731 501 779 gentis
539 733 646 768 ritum
683 734 922 770 dimicarent.
968 737 1145 771 Praeterea

387 782 496 817 tradit
532 783 745 828 Ermolclus,
786 785 921 821 nonnisi
965 786 1067 821 venii}
1104 787 1144 821 ab

384 832 543 880 Augusto
580 833 671 868 fasta
699 834 891 883 susceptum
929 835 1026 871 fuisse
1054 836 1142 884 judi-

386 881 482 918 cium
510 896 663 931 pugnae.
693 884 766 931 Ipse
794 889 897 929 vero,
926 896 964 922 ut
992 896 1065 922 erat
1092 886 1140 922 su-

386 945 447 978 pra
474 945 595 967 omnes
626 933 724 968 mitis
762 948 801 969 ae
830 936 928 982 pius,
959 945 1143 984 antequam

385 982 424 1017 in
453 995 613 1030 campum
651 982 852 1031 prodirent,
882 986 1072 1033 plurimum
1105 1000 1142 1021 0-

387 1045 488 1080 perae
515 1032 653 1080 posuit,
682 1042 720 1069 ut
746 1033 889 1070 illorum
919 1036 1018 1071 litem
1049 1049 1145 1071 com—

384 1092 555 1130 poneret,
599 1083 739 1118 veniam
787 1085 969 1132 pollicitus
1019 1085 1145 1121 fatenti

385 1132 517 1168 crimen
530 1160 538 1168 .
556 1135 608 1168 At
626 1132 684 1168 illi
704 1132 741 1168 in
762 1135 937 1181 proposito
955 1135 1146 1171 constantes

385 1195 535 1230 pugnam
565 1183 821 1228 praetulerunt.
853 1186 962 1221 Anno
992 1187 1142 1222 DCCC·

385 1235 463 1268 XX.
489 1233 528 1268 in
553 1232 823 1282 Aquisgranenfi
848 1236 943 1271 Urbe
971 1235 1143 1281 spefflcu-

385 1284 458 1318 lum
489 1285 626 1330 Populo
654 1284 838 1332 praebuere
865 1287 969 1321 ambo
996 1286 1048 1321 isti
1083 1300 1140 1334 pu-

385 1333 493 1382 giles.
520 1333 738 1369 Describitur
763 1345 880 1370 autem
905 1350 922 1370 a
949 1335 1045 1384 saepe
1071 1337 1141 1372 lau—

382 1384 466 1418 dato
504 1385 610 1418 Poeta
646 1385 766 1424 locus,
793 1384 853 1420 ubi
882 1384 1073 1422 Certamen
1110 1400 1143 1422 e-

385 1433 499 1469 ditum
537 1434 602 1469 est.
643 1436 737 1470 Pone
776 1435 979 1482 sequebatur
1018 1437 1138 1485 Regio-

384 1497 461 1520 rum
500 1484 709 1520 famulorum
747 1486 870 1529 turba,
907 1496 946 1522 ut
982 1487 1005 1522 fi
1041 1501 1143 1534 quem

387 1534 504 1569 cadere
545 1536 731 1581 percussum
772 1536 950 1577 viderent,
980 1551 997 1572 e
1033 1538 1145 1574 mani-

387 1585 447 1620 bus
477 1584 624 1620 viffioris
652 1585 774 1620 vivum
804 1585 997 1633 eriperent:

438 1663 479 1694 Ur
500 1659 531 1701 fi
557 1660 626 1706 qais
660 1659 772 1703 sosium
802 1661 916 1707 gladio
949 1662 1145 1709 percusserit,

589 1709 641 1743 illi

486 1762 578 1794 ‚More
604 1759 656 1802 pio
692 1760 830 1808 eripiant
841 1776 862 1805 5
887 1763 994 1798 mortis
1029 1763 1070 1798 ab
1098 1777 1146 1797 ore

585 1810 737 1845 trabant.

384 1887 480 1922 Tum
517 1884 742 1921 succedebant
771 1886 888 1934 (quod
927 1888 1081 1924 maxime
1109 1903 1145 1924 a-

383 1935 736 1981 nimadvertendum)
758 1938 818 1984 qui
840 1937 1004 1974 feretrum
1030 1938 1143 1974 secum

383 1986 622 2028 adducebant,
651 1994 689 2020 ut
718 1985 738 2020 fi
768 2000 870 2033 quem
899 1988 992 2024 inter
1021 1991 1135 2025 vulne-

383 2050 420 2072 ra
448 2035 522 2071 vita
550 2034 738 2081 desereret,
764 2037 868 2074 illum
896 2039 1066 2075 continuo
1093 2039 1143 2076 ef-

384 2086 536 2123 ferrent:

436 2165 517 2198 Mox
551 2163 737 2198 Gundoldus
776 2164 886 2210 adest,
917 2165 1068 2210 feretrum
1105 2167 1144 2200 de

588 2226 667 2248 more
693 2225 839 2258 paratum

485 2265 765 2360 Ducerleolipglque
805 2264 895 2311 jubet
912 2293 923 2311 ,
964 2277 1000 2302 m
1037 2267 1144 2311 fuerat

383 2390 425 2427 In
453 2390 634 2425 nonnullis
671 2391 879 2428 Germaniae
916 2391 1024 2432 locis,
1052 2393 1143 2429 unde

383 2440 503 2477 insana
531 2441 652 2476 Duelli
689 2441 835 2477 licentia
871 2442 1024 2477 nondum
1054 2444 1143 2491 paffa

382 2492 428 2528 est
456 2491 486 2526 se
513 2491 641 2531 evelli,
667 2491 746 2528 sunt
773 2492 833 2539 qui
862 2492 951 2528 mihi
980 2503 1143 2537 narrant,

383 2541 596 2586 perseverare
637 2542 747 2577 adhuc
789 2556 921 2579 rnorem
965 2543 1142 2580 deferendi

383 2592 500 2629 feretri
529 2593 570 2628 ad
597 2593 797 2630 certaminis
824 2607 1010 2642 campum,
1036 2607 1077 2630 ne
1105 2594 1143 2630 in

1177 335 1223 369 A*
1247 346 1360 381 pugna
1397 334 1559 370 confoffis
1601 334 1698 370 tarda
1735 333 1774 370 fit
1813 333 2005 384 sepulturae

1246 384 1364 431 quies.
1407 385 1515 432 Signo
1542 384 1666 420 deinde
1701 385 1916 421 inchoandae
1945 400 2007 435 pu-

1246 447 1331 482 gnae
1357 435 1398 470 ab
1430 435 1642 483 Imperatore
1667 436 1771 481 dato,
1796 449 2008 473 concurrunt

1247 484 1375 520 aemuli
1392 497 1401 520 ε

1296 564 1382 595 Arte
1400 561 1485 594 novd
1496 587 1506 604 ‚
1524 560 1656 595 Francis
1674 573 1768 597 antea
1785 572 1858 597 nota
1877 563 1981 598 minus
1992 589 2002 600 .

1249 637 1350 680 Quae
1377 635 1481 670 verba
1517 635 1629 671 rursus
1665 635 1844 680 indicant,
1876 652 2006 686 nequa-

1248 698 1352 733 quam
1376 685 1587 721 consuevisse
1608 688 1757 722 Francos
1778 688 1922 734 equestri
1944 702 2007 736 pu-

1248 736 1312 783 gna
1340 735 1413 771 suas
1440 735 1521 771 lites
1558 736 1744 775 dirimere,
1772 736 1826 772 sed
1865 737 2007 784 quidem

1249 785 1411 834 pedestri,
1440 795 1543 832 atque
1571 786 1650 821 aliis
1678 787 1803 822 armis.
1834 789 1899 823 Res
1930 787 2007 824 aaa

1249 836 1400 884 primurn
1438 836 1563 884 hastis;
1594 846 1668 872 tum
1704 837 1750 872 iis
1787 837 1905 873 sraelis
1933 838 2008 873 suc-

1248 886 1369 921 cessere
1390 885 1503 922 enses.
1534 887 1627 922 18'tus
1653 887 1792 922 tandem
1820 889 1905 923 Bera
1932 887 2007 923 suc-

1249 936 1390 976 cubuit,
1419 937 1453 971 &
1492 939 1628 985 culpam
1667 937 1791 977 fassus,
1829 951 1847 972 a
1886 937 2006 986 Regiis

1248 985 1388 1022 famulis
1424 987 1502 1022 neci
1536 987 1703 1036 eripitur.
1740 990 1836 1023 Haec
1864 989 2006 1024 Ermol-

1247 1035 1309 1070 dus
1325 1062 1334 1070 .

1298 1084 1429 1120 Mitius
1466 1094 1581 1120 autem
1609 1086 1647 1121 in
1684 1086 1846 1133 singulari
1879 1087 2007 1123 Certa-

1249 1134 1344 1170 mine
1366 1135 1552 1183 processere
1572 1135 1659 1170 olim
1685 1136 1832 1184 Franc53
1857 1137 2009 1180 plerum-

1248 1198 1315 1232 que
1343 1185 1462 1228 enim,
1491 1185 1645 1233 Legibus
1675 1185 1726 1221 ita
1761 1185 2009 1227 statuentibus,

1247 1238 1352 1270 Scuto
1378 1237 1537 1275 tantum,
1562 1249 1601 1271 ac
1626 1235 1744 1277 Fuste,
1770 1235 1837 1271 five
1859 1236 2006 1281 baculo,

1247 1284 1374 1320 armati
1405 1285 1497 1320 inter
1524 1285 1557 1320 se
1587 1286 1807 1333 pugnabant.
1845 1288 1885 1322 In
1913 1289 2009 1335 Lege

1248 1335 1558 1378 Langobardorum
1603 1342 1662 1372 ὁὸ.
1699 1335 1820 1371 Caroli
1859 1338 2008 1385 Magni,

1249 1386 1341 1420 Part.
1371 1386 1417 1420 11.
1445 1385 1554 1421 Tomi
1584 1387 1610 1420 1.
1640 1388 1717 1421 Rer.
1747 1385 1897 1422 Italicar.
1931 1389 2009 1421 Me-

1245 1436 1308 1469 lius
1335 1435 1439 1478 visum
1465 1436 1530 1480 est,
1557 1446 1592 1470 ut
1618 1436 1652 1470 in
1679 1447 1783 1482 campo
1808 1450 1874 1471 cum
1897 1437 2007 1479 Fusii-

1245 1487 1301 1520 bus
1327 1486 1446 1531 pariter
1471 1488 1679 1524 contendam,
1707 1488 1799 1531 quim
1830 1486 2005 1531 perjurium

1243 1545 1455 1580 perpetretur.
1484 1534 1611 1570 Rursus
1639 1535 1678 1570 in
1705 1537 1800 1584 Lege
1840 1538 1901 1571 ΙΙΙ.
1931 1539 2022 1572 Lu-·

1245 1584 1366 1620 dovici
1396 1584 1475 1619 Pii:
1503 1585 1682 1631 Eligantur
1707 1588 1768 1619 duo
1794 1599 1830 1620 ex
1854 1585 1951 1632 ipfis,
1977 1586 2007 1621 ὶ-

1243 1634 1308 1676 dest
1342 1649 1378 1669 ex
1413 1646 1543 1682 utraque
1576 1645 1665 1679 parte
1700 1648 1777 1670 unus
1796 1659 1805 1674 ‚
1843 1636 1899 1682 qui
1936 1650 2004 1671 cum

1245 1685 1350 1720 Sentis
1377 1685 1420 1719 Θ·
1447 1685 1594 1728 fustibus
1630 1685 1663 1719 in
1690 1696 1795 1730 campo
1830 1688 2006 1730 decertent,

1246 1746 1318 1771 utra
1351 1747 1425 1780 pars
1458 1734 1632 1779 falsitatem
1667 1736 1720 1768 vel
1754 1736 1919 1769 veritatem
1950 1736 2007 1781 sun

1245 1785 1416 1829 testimonio
1435 1790 1651 1831 consequatur.
1667 1784 1766 1831 Quid
1789 1784 1907 1831 plura?
1929 1788 2004 1822 Lo-

1245 1836 1377 1871 tharius
1405 1837 1432 1871 l.
1458 1835 1494 1871 in
1524 1837 1618 1884 Lege
1643 1836 1863 1885 Langobard.
1889 1848 1948 1883 31.
1973 1836 2007 1872 i-

1244 1897 1279 1922 ta
1307 1885 1480 1931 decernit:
1514 1887 1766 1933 Quibuscumque
1798 1897 1855 1931 per
1890 1890 2006 1934 Legem

1240 1948 1363 1984 propter
1388 1937 1528 1984 aliquam
1556 1938 1777 1971 contentionem
1802 1947 1911 1983 pugna
1934 1937 2007 1980 fue-

1244 1988 1287 2022 rit
1311 1986 1476 2033 judicata,
1501 1997 1624 2032 praeter
1649 1987 1687 2020 de
1715 1985 1905 2030 infidelttate
1935 1990 2004 2022 Re-

1242 2039 1315 2085 gis,
1343 2051 1408 2072 cum
1445 2036 1596 2079 fustibus
1631 2035 1673 2075 &¹
1704 2037 1806 2071 scuris
1839 2047 2005 2083 pugnent,

1239 2088 1320 2130 ficut
1347 2089 1381 2122 in
1407 2087 1594 2130 Capitulare
1628 2087 1784 2121 Dominico
1819 2087 1906 2131 prius
1934 2099 2006 2121 cm-

1220 2143 1222 2150 '
1239 2139 1385 2181 stitutum
1413 2138 1473 2180 est.
1504 2139 1625 2185 Itaque
1652 2139 1751 2181 raro,
1777 2136 1889 2172 immo
1926 2149 2004 2184 per-

1245 2202 1347 2236 quam
1387 2190 1464 2223 raro
1503 2188 1707 2227 accidebat,
1743 2193 1783 2222 ut
1818 2183 2003 2233 quisquam

1245 2238 1409 2274 certando
1440 2237 1682 2272 occumberet.
1711 2239 1750 2272 In
1780 2236 2003 2284 Antiquitat.

1245 2287 1404 2325 Estenfib.
1435 2300 1509 2336 pag.
1541 2299 1621 2331 15²·-
1656 2288 1730 2321 Par.
1768 2288 1794 2322 1.
1821 2285 1911 2335 Cap.
1946 2286 2003 2324 16,

1246 2338 1419 2375 Placitum
1462 2336 1649 2382 evulgavi,
1690 2336 1848 2372 habitum
1896 2339 2002 2373 Anno

1246 2389 1545 2426 DCCCCLXXI.
1575 2388 1634 2423 ubi
1663 2387 1852 2423 Viventius
1878 2389 2003 2423 Advo-

1245 2448 1341 2476 catus
1367 2439 1648 2484 Presbyterorum
1674 2437 1744 2473 ait:
1775 2441 1850 2473 Ecce
1873 2452 1920 2472 me
1941 2449 2004 2484 pa-

1245 2502 1347 2526 ratum
1369 2503 1435 2525 cum
1453 2491 1662 2536 Evangelia,
1684 2488 1729 2527 &⁶
1753 2492 1844 2523 scuto
1863 2488 1910 2527 (φ
1930 2491 2003 2523 Fu-

1238 2541 1305 2584 ste,
1332 2541 1437 2575 eadem
1470 2551 1580 2585 panna
1611 2538 1808 2583 faciendum.
1837 2538 1889 2574 Ita
1925 2537 2001 2575 illis

1246 2590 1481 2640 temporibus.
1508 2590 1582 2627 Diu
1613 2590 1719 2627 etiam
1758 2587 2003 2675 Pataiviisper-

1851 2651 1906 2675 ura
1937 2652 1956 2675 e
