2216 3100
429 226 506 264 291

766 212 1135 271 ANTJQfflT.
1175 214 1394 255 Mam!
1426 213 1587 258 AEVI

1844 232 1925 271 292

368 278 422 305 tos
451 268 544 304 hisce
571 269 685 307 verbis
712 270 901 308 describit:
935 276 1013 308 Pars
1041 274 1119 307 mul·
1148 272 1196 334 [A
1231 273 1294 308 cha
1320 282 1521 318 acceperat.
1557 276 1632 310 Cur
1659 287 1720 309 nos
1748 274 1985 316 affirmemus,

367 321 471 355 cendis
506 320 601 366 vulgi
635 324 763 358 auribus
800 324 943 368 intenta,
974 324 1041 368 suis
1077 323 1123 361 Θ

366 371 436 418 ipsa
462 371 582 418 legibus
608 374 773 409 utebatur.
800 376 896 420 Quod
917 388 1017 420 genus
1040 375 1126 418 apud

365 422 485 457 Siculos
524 420 584 468 (ut
608 424 697 468 sama
723 425 788 471 est)
827 439 885 459 non
913 426 1020 458 multis
1052 435 1126 459 ante

364 473 503 508 Saecult's
531 485 693 518 renatum,
721 476 811 510 brevi
835 487 889 522 per
915 489 1031 509 omnem
1058 478 1123 510 Ita-

365 523 442 558 liam
469 537 505 559 ac
530 523 656 572 longius
683 527 858 560 manavit:
884 529 970 572 apud
996 530 1124 561 Graeco-

365 587 435 608 rum
461 575 534 609 olim
560 590 595 611 ac
623 578 807 611 Latinorum
837 577 1052 622 vetustrffimos
1079 590 1124 611 ce-

367 625 521 660 lebratum
534 637 554 666 ‚·
576 627 729 673 liquidem
757 628 799 661 (9‘
826 631 985 662 Romanos
1006 629 1119 673 vulga-

364 689 412 711 res
431 676 628 722 ·Rbytbmico
659 688 783 712 tantum
812 679 960 712 Carmine
995 679 1044 712 uri
1076 679 1125 722 so-

363 727 438 761 litos
464 729 652 771 accepimus.
682 730 779 763 Haec
809 729 994 764 petrarcha
1022 729 1121 765 circi>

365 785 420 813 ter
448 780 594 816 Annum
623 778 755 814 Christi
784 781 1007 814 MCCCLX.
1045 779 1120 814 scri-

366 829 504 863 bebat:
552 842 640 876 quae
681 828 868 863 Ludovico
908 828 1126 865 Castelvetro

365 877 561 913 Mutinensi
605 878 642 912 in
681 878 923 913 Additament.
963 880 1003 914 ad
1044 881 1125 916 Lib.

367 928 519 975 primum
545 926 637 964 Pros.
666 927 790 963 Bembi
820 928 949 975 jamdiu
971 929 1125 964 animad-

367 978 490 1023 versa,
519 978 775 1026 persuaserunt,
803 977 985 1013 immerito
1004 981 1125 1014 obtru—

366 1029 403 1065 di
429 1030 668 1065 Provinciales
701 1030 845 1071 poetas,
874 1038 1039 1075 tanquam
1067 1042 1124 1077 pa—

364 1090 479 1116 rentes
505 1091 564 1116 aut
586 1079 770 1128 Magistros
798 1080 940 1114 Italicae
963 1079 1126 1116 Poe'seos.

363 1132 410 1166 Et
438 1144 476 1166 ea
504 1131 645 1179 quidem
676 1129 736 1166 sibi
763 1129 927 1178 opposuit
947 1129 1123 1167 Crescim-

365 1181 488 1217 benius
518 1194 530 1230 5
576 1182 631 1217 sed
673 1181 835 1229 quamvis
877 1182 989 1217 multa
1029 1195 1125 1217 com-

362 1241 540 1268 mentatus
561 1231 691 1275 fuerit,
720 1231 854 1267 nemini
883 1231 1048 1267 haestenus
1072 1233 1125 1266 vi-

364 1283 487 1319 deatur
532 1283 717 1318 debilitata
744 1306 753 1321 ‚
801 1282 926 1316 nedum
974 1281 1125 1317 confossa

364 1332 575 1370 castelvetri
599 1332 789 1369 sententia.
819 1334 911 1367 Nam
933 1332 1024 1378 quod
1047 1333 1124 1367 nul-

364 1385 399 1420 la
436 1384 632 1420 Siculorum
671 1382 840 1418 Carmina
870 1382 1027 1430 vulgaria
1065 1382 1125 1417 ha—

364 1436 529 1478 beamus,
557 1443 637 1470 ante
662 1435 805 1469 Annum
830 1435 948 1468 MCC.
979 1432 1127 1479 scripta,

365 1498 584 1534 nequaquam
610 1483 826 1520 inferendum
850 1485 916 1523 est,
938 1484 1032 1518 nulla
1055 1497 1110 1518 rea

364 1537 422 1584 pse
469 1533 658 1579 composita
704 1544 784 1568 ante
831 1536 974 1568 Annum
1022 1535 1124 1569 illum

363 1587 487 1623 fuisse.
527 1589 628 1632 Quot
665 1584 757 1620 enim
787 1585 820 1619 &
860 1593 988 1631 quanta
1026 1585 1127 1619 nobis

366 1636 536 1685 eripuerit
578 1645 742 1683 tempus,
779 1635 807 1670 is
846 1636 982 1670 tanturn
1026 1636 1120 1683 igno-

364 1697 440 1727 rat,
468 1687 531 1735 qui
559 1685 680 1733 hospes
708 1686 744 1721 in
766 1685 965 1721 eruditione
993 1686 1128 1733 prorsus

366 1739 432 1774 est:
463 1748 501 1774 ut
529 1737 717 1776 omittam,
747 1738 842 1784 plura
864 1736 966 1772 condi
998 1737 1126 1780 potuis-

367 1790 424 1831 se,
453 1802 539 1836 quae
567 1788 681 1823 literis
709 1788 858 1823 minime
886 1787 1016 1823 fuerint
1044 1801 1125 1823 con—

367 1839 519 1889 signata.

421 1887 733 1937 Perspeffiiffimum
755 1889 839 1923 verb
860 1887 1042 1923 petrarcha
1068 1888 1127 1923 ha-

366 1941 470 1984 buit,
499 1949 620 1986 utpote
649 1952 706 1985 per
733 1951 841 1974 annos
869 1940 1062 1984 complures
1091 1939 1128 1974 in

368 1990 558 2029 Provincia
600 1988 777 2029 versatus,
814 2000 901 2036 quot
939 1991 1063 2025 Peeras
1090 2003 1128 2025 ea

367 2042 466 2091 regio
507 2041 635 2076 tulerat
662 2065 672 2079 ,
718 2053 857 2087 quoque
899 2050 1057 2083 tempore
1102 2040 1127 2075 ii

369 2093 534 2130 floruere.
558 2091 685 2127 Nihilo
708 2100 823 2126 tamen
847 2090 974 2130 secius,
997 2104 1065 2126 non
1087 2091 1129 2126 ab

368 2145 415 2181 iis
444 2143 578 2180 Siculos
607 2141 763 2177 didicisse
789 2153 897 2177 artem
930 2142 1127 2187 Rhyzhmo-

373 2209 450 2231 rum
480 2193 622 2233 scribit,
652 2191 705 2227 sed
735 2193 851 2240 potius
878 2207 897 2228 a
925 2192 1065 2229 Latinis
1093 2191 1129 2228 &

373 2246 539 2285 Graecis,
568 2243 655 2292 apud
685 2256 831 2289 quorum
861 2244 984 2291 vulgus
1013 2242 1049 2277 in
1072 2242 1132 2278 usu

371 2296 461 2334 olim
489 2295 586 2333 fuifl‘e
630 2293 849 2340 Rhythmos,
887 2293 959 2342 ipse
997 2295 1131 2329 Petrar-

1229 324 1320 371 quod
1350 324 1380 359 is
1408 325 1511 372 longe
1539 326 1681 372 propior
1705 326 1985 361 provincialium

1231 374 1373 414 Poetis,
1401 376 1433 409 &
1463 376 1555 410 inter
1583 386 1692 422 patres
1726 376 1870 412 Italicae
1902 378 1986 411 Poe-

1230 425 1300 461 seos
1325 433 1547 464 numeratus,‘
1577 425 1777 473 ignoravit?
1808 429 1862 462 Ac
1890 440 1986 474 prae-

1229 476 1328 514 cipue
1359 489 1465 522 quum
1496 478 1696 512 Leonardus
1726 477 1912 513 Arretinus
1948 478 1985 513 in

1229 527 1314 563 Vita
1345 526 1471 562 Daritis
1499 526 1672 574 scripserit
1694 541 1733 562 ex
1764 528 1866 576 ipsius
1890 531 1987 564 Dan-

1230 579 1275 613 tis
1298 578 1424 612 verbo:
1456 577 1685 625 Rhythmorum
1713 579 1898 625 Vulgarium
1919 582 1987 613 Ita-

1229 629 1352 663 licorum
1379 638 1486 663 artem
1526 628 1666 663 circiter
1694 630 1818 664 Annos
1846 640 1984 664 centum

1231 679 1483 727 quinquaginta
1502 689 1581 714 ante
1602 679 1760 714 eumdem
1786 679 1985 726 Aligerium

1231 730 1401 777 originem
1446 729 1623 765 habuisse.
1665 730 1808 777 Epocha
1850 729 1909 764 ista
1950 730 1986 765 in

1230 793 1286 815 eos
1315 779 1406 825 ipsos
1430 783 1552 815 Annos
1583 780 1772 823 convenit,
1801 781 1926 826 quibus
1949 780 1987 817 ἃ

1236 830 1511 865 provincialium
1554 833 1734 866 Poetarum
1780 831 1884 879 primi
1924 830 1989 866 flo-

1231 894 1347 916 ruere.
1375 880 1494 925 Quid?
1525 882 1614 928 quod
1636 883 1668 916 8<
1698 881 1788 917 idem
1811 880 1989 917 Crescim-

1232 930 1352 964 benius
1382 933 1472 964 Part.
1503 943 1535 964 2.
1563 932 1665 966 Libri
1695 944 1726 966 2.
1747 934 1989 968 Commentar.

1231 980 1352 1014 auE’tor
1379 980 1443 1018 est,
1472 980 1621 1015 Tusciae
1649 993 1718 1014 non
1746 981 1885 1016 defmffe
1914 984 1991 1017 vul-

1232 1043 1327 1077 gares
1379 1030 1502 1064 Poetas
1557 1031 1664 1065 Anno
1713 1030 1819 1065 etiam
1872 1034 1991 1068 MCC.

1232 1083 1351 1126 Quum
1374 1083 1457 1115 vero
1479 1079 1655 1124 Etruscis,
1685 1081 1867 1115 petrarcha
1887 1081 1989 1127 teste,

1233 1132 1446 1179 praeiverint
1476 1132 1584 1166 siculi
1604 1159 1614 1174 ,
1651 1131 1824 1178 reliquum
1854 1131 1923 1168 est‚
1953 1142 1994 1169 ut

1232 1196 1302 1230 quo
1344 1191 1502 1227 tempore
1553 1181 1829 1217 Provincnalmm
1882 1183 1992 1219 Pcefis

1234 1233 1394 1280 vigebat,
1424 1233 1619 1267 Siculorum
1649 1245 1788 1278 quoque
1820 1231 1926 1268 Pcesis
1952 1246 1993 1269 u-

1232 1282 1329 1318 sitata
1350 1283 1438 1328 apud
1461 1283 1618 1330 vulgares
1649 1281 1772 1317 fuerit:
1805 1295 1841 1317 ac
1871 1283 1992 1329 proin-

1231 1334 1272 1368 de
1302 1333 1451 1369 veritate
1480 1334 1571 1372 niti,
1599 1333 1689 1380 quod
1715 1333 1898 1368 Petrarcha
1919 1333 1993 1377 ait,

1234 1384 1402 1419 videlicet
1449 1383 1528 1428 Rhy
1548 1383 1708 1418 hmorum
1755 1395 1864 1418 artem
1907 1388 1995 1427 apud

1232 1436 1350 1468 siculos
1377 1447 1435 1466 non
1465 1434 1572 1465 multis
1599 1443 1672 1466 ante
1709 1436 1845 1466 saecutus
1877 1433 1995 1475 (duo-

1234 1485 1294 1519 bus
1336 1483 1489 1529 saltem)
1529 1493 1669 1516 renatam
1706 1481 1826 1525 fuiffe.
1870 1485 1995 1529 Neque

1234 1534 1362 1583 injuria
1391 1533 1506 1568 subdit
1534 1533 1618 1576 ille,
1646 1533 1780 1567 Siculos
1808 1547 1824 1568 e
1850 1534 1994 1570 Graecis

1235 1596 1337 1631 atque
1375 1584 1515 1621 Latinis
1552 1583 1587 1619 id
1626 1596 1731 1628 genus
1773 1584 1912 1618 Preseos
1939 1585 1995 1620 di·-

1169 1644 1200 1676 D
1234 1635 1378 1675 diciffe,
1414 1647 1519 1682 quum
1553 1643 1653 1668 antea
1681 1632 1990 1679 conspexerimus,

1175 2097 1203 2129 E

1235 1686 1423 1722 familiares
1466 1683 1560 1719 fuisse
1603 1697 1681 1720 cum
1733 1686 1873 1719 Graecis
1917 1695 1993 1721 tum

1204 1733 1209 1791 ι
1238 1738 1375 1774 Latinis
1406 1735 1625 1781 Rhythmos,
1663 1748 1701 1770 ac
1729 1744 1901 1783 praeterea
1932 1732 2012 1771 vo-v

1237 1801 1313 1824 cum
1351 1786 1576 1823 consonarum
1615 1785 1739 1826 usum.
1780 1798 1864 1832 quas
1901 1799 1993 1822 nune

1240 1841 1331 1875 Rime
1368 1849 1633 1883 nuncupamus,
1671 1835 1739 1870 sera
1779 1837 1994 1883 antiquitate

1238 1888 1510 1925 commendari.
1555 1886 1656 1926 Apud
1699 1886 1789 1933 ipsos
1831 1888 1993 1928 Siculos,

1240 1941 1384 1976 Saeculo
1425 1939 1644 1974 Duodecimo
1672 1937 1896 1977 decurrente,
1923 1938 1997 1985 eju-

1240 1991 1348 2026 smodi
1377 1990 1500 2025 Versus
1522 2003 1539 2024 a
1565 1988 1701 2025 Latinis
1733 1987 1847 2022 precis
1874 1989 1995 2023 excul-

1240 2052 1317 2085 tos,
1346 2041 1463 2089 paucis
1490 2040 1684 2075 ostendam.
1714 2037 1864 2086 Rogerio
1895 2039 1918 2071 1.
1940 2038 1997 2073 in-

1240 2094 1339 2137 clyto
1367 2091 1509 2127 Siciliae
1538 2090 1574 2126 ὅ(
1604 2089 1791 2126 Calabriae
1830 2087 1968 2123 Comiti
1986 2115 1996 2132 ,

1241 2143 1301 2190 qui
1335 2145 1438 2177 Anno
1461 2143 1564 2177 MCI.
1587 2151 1728 2175 naturae
1748 2137 1901 2174 debitum
1928 2137 1996 2173 sol-

1241 2193 1317 2233 vit,
1347 2193 1501 2227 tumulus
1542 2191 1604 2224 hac
1641 2189 1826 2237 epigraphe
1854 2198 1996 2224 ornatus

1240 2242 1364 2279 M³leti
1409 2240 1534 2287 positus
1575 2239 1669 2278 fuit,
1715 2239 1853 2274 Roccho
1898 2238 1996 2275 Pirro

1216 2293 1320 2332 ,teste
1348 2293 1384 2328 in
1413 2291 1630 2339 Chronolog.
1661 2291 1742 2338 Reg.
1771 2288 1934 2327 Siciliae:

472 2412 731 2457 LINQVENS
757 2412 1045 2455 TERRENAS,
1073 2411 1331 2450 MiGRAvlT
1361 2410 1461 2442 DVX
1495 2408 1564 2441 AD
1592 2405 1836 2441 AMOENAS

471 2488 717 2525 ROGERIVS
741 2488 906 2533 SEDES,
936 2489 1054 2525 NAM
1080 2489 1231 2525 COELI
1259 2485 1484 2523 DETINET
1513 2483 1668 2519 AEDES.

1888 2534 1954 2570 Par
