2216 3100
253 261 337 310 4⁶5

429 244 794 293 DISSERTATIO
827 240 1079 300 ‚QUADRA
1084 240 1257 285 GESIM
1261 240 1358 283 AS!
1361 243 1473 285 CUN
1477 244 1515 284 D
1523 250 1561 286 Α
1571 256 1582 288 ;

1678 251 1768 302 ‘466

199 312 306 348 minis
335 308 403 345 mei
429 306 624 355 originem.
661 306 787 351 Neque
821 300 956 339 diversa
1000 306 1034 340 A
1068 300 1176 337 minis
1202 299 1317 336 Curte
1345 313 1422 336 cum
1451 301 1626 347 castello,
1647 317 1748 352 quem
1770 306 1825 341 10-

200 360 338 411 opinari
358 359 443 395 licet
458 358 499 393 de
519 355 699 399 Ferrariis,
720 354 837 390 Fabri:
851 381 860 398 ,
880 356 955 388 Sar-

199 416 242 449 tis
252 437 262 452 ‚
278 410 414 446 Medicis
425 433 437 449 ‚
452 406 648 454 specialibus
659 433 669 450 ‚
686 404 828 440 Naeuiis
839 431 848 448 ‚
867 406 953 438 Ban-

199 463 310 498 eberiis
321 488 332 504 ‚
360 458 525 494 Munariis
536 484 546 499 ,
572 456 796 499 Marescalclu's
808 482 817 498 ‚
845 457 953 489 Becca-

200 513 280 556 n't's,
308 509 538 555 formagiariis
553 532 564 549 ‚
591 507 761 543 furnariis
779 530 789 545 ‚
816 508 958 540 Cerreta-

200 563 251 597 m‘s
264 588 274 605 ,
301 561 454 596 porcariis
470 583 480 599 ,
507 558 700 594 canevariis
712 584 722 600 ,
747 555 939 603 capellariis
951 578 961 593 ‚

201 611 396 648 Pellict'an'is
408 638 418 654 ,
438 609 634 645 Settaciariis
645 633 656 649 ,
679 605 838 642 Barberiis
851 632 860 647 ‚
882 606 958 638 Ma-

201 663 319 709 gnanis
333 689 343 706 ,
369 661 530 708 Capraviis
545 684 555 700 ,
581 658 704 700 Oreficis
717 681 728 697 ‚
754 665 858 704 atque
882 654 962 690 aliis

206 711 404 760 hujusmodi
441 708 724 758 cognominibus
740 732 750 746 ,
780 719 868 754 quae
906 718 965 753 per

1069 365 1146 389 cum
1177 364 1268 387 nunc
1296 354 1475 397 Bazovara*
1497 358 1761 404 nuncupamus)
1782 357 1825 390 (9⁶

1069 403 1204 440 Artabio
1235 403 1354 447 Judice
1385 403 1518 450 (quem
1543 417 1563 440 a
1589 404 1734 451 reliquis
1772 404 1827 440 di-

1069 453 1212 502 stinguit
1242 466 1366 488 munus
1393 454 1547 497 judicis,
1573 467 1664 490 nunc
1688 455 1723 489 di
1746 458 1828 490 Dor-

1070 507 1156 552 tore)
1185 505 1226 538 (9¹
1250 504 1385 539 Alberro
1411 507 1449 538 de
1474 506 1678 552 Pildeguerra
1703 505 1747 551 (a
1769 519 1829 553 pa-

1071 565 1144 599 tre,
1172 566 1232 591 aut
1261 568 1330 590 uno
1358 555 1485 590 celebri
1513 556 1554 591 de
1581 555 1772 604 majoribus
1793 569 1829 591 e-

1073 606 1151 653 jus,
1190 605 1246 641 cui
1283 605 1421 641 fortaffe
1457 605 1684 653 supranomen
1719 608 1830 641 Peldt’-

1067 657 1208 704 guerrae)
1236 654 1281 692 ὅ]
1309 657 1462 691 Guidoeto
1486 659 1524 691 de
1551 659 1719 700 Rohmdo,
1748 657 1832 691 Gui-

1071 711 1111 742 do
1131 708 1168 741 de
1196 707 1364 749 Marino,
1387 710 1453 754 Ugo
1472 711 1509 741 de
1536 708 1648 751 Tatio,
1676 710 1834 741 Gerardus

206 764 402 811 complures
427 761 571 803 Italiae,
596 759 709 794 immo
737 756 774 793 ἃ
802 757 965 800 Galliae,
1011 756 1041 790 B
1072 760 1109 793 de
1145 756 1284 800 Rodulfo
1313 756 1388 803 (ita
1417 757 1584 806 appellati
1619 770 1737 793 eorum
1777 770 1835 805 pa·

207 811 429 851 Britanniae,
455 820 558 858 atque
585 809 795 845 Germaniae
822 807 962 844 Civita-

205 873 257 898 tes
285 861 495 898 audiuntur.
523 859 663 896 Inficias
682 868 800 895 tamen
824 870 894 892 non
914 856 964 892 ie-

175 927 183 937 ·»
206 913 298 956 rim,
326 912 412 959 quin
450 912 625 947 interdum
654 924 696 945 ex
735 908 966 957 Agnomine,

208 977 279 999 non
308 973 423 998 autem
452 975 494 997 ex
519 963 606 996 Arte
632 960 773 1007 aliqua,
800 959 836 994 id
862 971 967 1007 genus

210 1013 437 1061 Cognomina
465 1011 596 1047 fuerint
622 1011 824 1046 efformata.
863 1008 969 1055 Apud

209 1067 441 1109 Anonymum
459 1062 714 1097 salernitanum
733 1061 772 1097 in
790 1060 970 1108 Paralipo-

211 1115 324 1149 menis
343 1116 430 1161 Cap.
450 1115 601 1149 LXVII.
624 1115 711 1148 Part.
736 1113 782 1147 Π.
797 1113 904 1147 Tom.
924 1111 969 1146 11.

211 1167 288 1200 Rer.
312 1164 464 1199 Italicar.
491 1162 699 1198 Salernitani
725 1165 865 1197 Fabrum
891 1164 970 1195 Fer-

210 1215 330 1249 rarium
349 1214 571 1261 appellabant
597 1212 841 1248 Radelchisum
872 1212 972 1246 Prin-
1014 1213 1046 1247 G

210 1263 325 1310 cipem
354 1263 575 1306 Beneventi,
612 1262 704 1309 quod
732 1261 762 1296 is
790 1261 826 1295 in
856 1262 972 1296 adole-

209 1312 342 1348 scentia
369 1311 541 1347 Aurificis
584 1315 674 1347 Arte
718 1310 975 1346 deleRaretur.

211 1365 346 1399 Veriim
376 1365 540 1411 pleraque
567 1376 609 1398 ex
639 1361 693 1397 his
721 1360 860 1407 opinari
892 1360 977 1396 licet

213 1423 290 1449 orta
318 1427 360 1448 ex
393 1412 465 1461 ipsa
493 1413 594 1449 Artis
621 1412 769 1461 alicujus
798 1410 973 1460 profeffio-

213 1478 282 1506 ne,
318 1462 439 1509 postea*
456 1463 493 1498 in
521 1463 711 1499 liberorum
741 1475 779 1496 ac
808 1472 976 1507 nepotum

216 1514 428 1562 Cognomen
457 1513 641 1549 conversa.
679 1515 724 1548 Et
761 1512 798 1547 hi
836 1514 977 1560 quidem

216 1565 394 1613 praecipui
435 1563 549 1599 fontes
585 1563 871 1612 Cognominum.
911 1566 974 1599 Re-

216 1616 349 1662 liquam
380 1627 498 1649 eorum
522 1616 660 1650 turbam
682 1613 823 1649 invexit
846 1613 978 1659 praedii

217 1666 365 1712 alicujus
395 1663 570 1711 possessio,
599 1665 667 1700 five
691 1665 891 1713 incolatu53
921 1674 980 1700 aut

218 1717 380 1759 aedium,
409 1716 563 1760 plateae,
592 1715 740 1760 templi,
769 1716 873 1759 viae,
901 1715 975 1751 fon-

217 1766 287 1806 tis,
310 1767 432 1810 vallis,
454 1766 606 1806 montis,
637 1766 857 1815 aliorumque
881 1767 976 1802 loco-

220 1830 295 1853 rum
325 1817 521 1855 habitatio,
552 1817 739 1860 vicinitas,
760 1817 978 1866 confinium3

219 1877 278 1902 aut
307 1866 501 1912 expositum
530 1878 609 1903 ante
635 1869 835 1908 tabernam,
857 1879 917 1905 aut
941 1869 979 1904 in

218 1918 324 1965 galeis
342 1942 351 1955 ‚
382 1917 526 1952 vestibus
545 1945 556 1961 ,
594 1918 736 1953 vexillis
764 1918 979 1955 militaribus

219 1967 417 2002 adhibitum
450 1967 582 2016 Insigne
610 1968 783 2018 aliqu0d3
822 1980 880 2005 aut
908 1970 977 2006 for-

219 2018 331 2053 tuitus
359 2027 528 2067 eventus;
568 2028 628 2054 aut
665 2019 849 2055 hominurn
888 2020 977 2056 arbi—

221 2068 355 2104 trium.
395 2069 560 2113 Exempli
599 2070 712 2105 caulsa
739 2071 859 2105 oculos
900 2083 980 2105 con—

221 2129 319 2154 verte
344 2120 384 2154 ad
413 2119 579 2155 Chartam
612 2120 839 2169 Reipublicae
868 2121 981 2156 Muti·
1010 2133 1011 2137 ¹

222 2169 353 2208 nensis,
382 2169 544 2218 scriptam
575 2174 683 2206 Anno
721 2170 850 2207 Christi
892 2174 981 2208 MC—

223 2221 394 2256 vam.
425 2231 463 2255 ut
490 2221 690 2270 intelligas,
718 2222 806 2257 unde
837 2222 982 2271 Cogno·

225 2272 320 2306 mina
358 2270 500 2305 assumta
529 2271 642 2308 fuere.
682 2273 868 2316 Consulibus
905 2277 980 2308 Mu-

225 2321 311 2355 tinae
334 2323 466 2356 Domino
485 2324 624 2357 Gerardo
645 2327 799 2371 Rangono
827 2327 837 2371 (
858 2325 899 2361 de
927 2338 984 2360 cu-

228 2370 280 2418 jus
308 2372 457 2408 Familia
480 2373 595 2409 assum
624 2374 667 2410 est
691 2374 815 2423 supra)
844 2375 886 2414 &¹
915 2376 984 2411 ,Al-

229 2422 313 2455 hern
347 2424 386 2455 de
421 2425 568 2468 Grajulfo
596 2424 685 2470 (aut
712 2439 729 2460 a
769 2436 886 2474 patre,
927 2434 988 2462 aut

233 2471 284 2528 ab·
304 2471 424 2518 aliquo
445 2473 576 2510 seniore
597 2475 689 2512 inter
707 2476 780 2524 ejus
810 2477 963 2526 Majores
978 2504 989 2521 ,

229 2534 286 2557 cut
325 2532 451 2558 nomen
487 2526 677 2575 Grasulfus)
714 2527 756 2562 &⁶
791 2529 917 2563 Giberto
950 2529 988 2562 de

230 2572 386 2620 Bajoaria
414 2573 462 2620 (a
489 2575 569 2612 loco
586 2601 597 2617 ,
633 2577 716 2615 idest
750 2579 793 2616 ab
820 2579 894 2628 ejus
923 2591 987 2615 no·

327 2627 416 2661 Tom.
445 2627 534 2662 VIII.

1073 809 1172 857 tres)
1201 807 1248 846 εἴφ’
1276 808 1438 842 Wilielmo
1462 809 1561 843 Zacio
1588 808 1601 856 ζ
1617 806 1764 843 fortaffis
1792 820 1834 843 ex

1075 857 1263 908 agnomine
1282 857 1442 893 desumto
1464 872 1482 893 e
1502 859 1619 898 Giaco,
1642 867 1837 894 armaturae

1077 909 1186 951 specie
1205 910 1218 956 )
1240 908 1285 942 ibi
1303 909 1514 952 praesentibus
1531 935 1540 944 .
1561 908 1662 950 Testes
1684 909 1838 944 Dominus

1077 961 1258 996 Bernartius
1278 960 1431 1003 Malvezo
1447 959 1460 1006 (
1477 960 1518 994 ab
1534 959 1722 1008 agnomine
1743 959 1839 994 Mal-

1075 1024 1197 1056 vezzo,
1225 1019 1286 1045 aut
1313 1010 1526 1058 Mal-vizio)
1556 1009 1601 1048 ἔφ’
1631 1009 1703 1055 filii
1735 1011 1840 1043 Godo-

1077 1063 1125 1097 nis
1163 1062 1340 1100 Albertus,
1368 1061 1410 1094 (9'
1448 1064 1549 1103 Dux,
1578 1060 1593 1108 (
1620 1074 1707 1109 quos
1734 1060 1777 1095 ab
1804 1073 1841 1094 a-

1078 1112 1138 1149 liis
1160 1121 1256 1161 pater
1275 1111 1482 1160 distinguit)
1511 1112 1735 1146 Bocbabadata
1757 1110 1770 1158 (
1789 1112 1840 1145 A-

1079 1176 1257 1213 gnomen,
1285 1175 1356 1209 quo
1392 1161 1503 1207 ipsum
1545 1163 1719 1210 Populus,
1757 1174 1841 1197 con-

1079 1223 1191 1249 temto
1221 1212 1363 1248 nomine
1391 1213 1559 1260 proprio,
1587 1213 1844 1262 compellabat.

1079 1265 1162 1310 Ejus
1190 1263 1303 1299 filium
1327 1274 1412 1311 puto
1441 1263 1629 1298 Rainem'um
1656 1265 1694 1298 de
1724 1266 1844 1298 Bocca-

1079 1314 1226 1356 badata‚
1254 1316 1314 1359 qui
1353 1326 1419 1348 una
1449 1326 1525 1349 curn
1565 1315 1697 1349 Arlotto
1725 1313 1844 1358 Judice

1080 1376 1189 1410 nuper
1226 1373 1420 1397 memorato
1461 1364 1542 1399 Paci
1585 1362 1843 1400 Constantienfi

1082 1416 1189 1449 Anno
1227 1413 1510 1448 MCLXXXIH.
1550 1427 1612 1457 pro
1647 1412 1843 1449 Mutinensi

1082 1463 1275 1509 Republica
1323 1463 1507 1499 interfuit.
1547 1465 1638 1500 Vide
1680 1464 1847 1499 Disserta-

1081 1515 1216 1550 tionem
1248 1515 1444 1561 XLVIII.)
1473 1515 1644 1550 Arduinus
1667 1514 1846 1561 Rafl‘mhae-

1083 1579 1119 1599 ne
1147 1564 1215 1611 (ex
1246 1565 1475 1612 Agnomine.
1505 1565 1597 1612 quod
1635 1564 1783 1600 fortaffis
1810 1577 1846 1600 e-

1083 1626 1203 1651 natum
1233 1614 1278 1650 est
1306 1628 1347 1650 ex
1387 1614 1514 1650 Italico
1542 1615 1845 1662 Aggraffa-Cane)

1085 1667 1229 1709 Boscems
1251 1665 1405 1712 (nomen
1427 1665 1605 1713 proprium
1621 1693 1629 1706 ,
1659 1674 1719 1701 aut
1739 1678 1846 1713 agno-

1085 1730 1187 1760 men,
1215 1729 1233 1751 e
1260 1728 1330 1763 quo
1360 1716 1503 1752 Nobilis
1543 1716 1753 1752 Mutinensis
1781 1718 1847 1751 Fa-

1086 1767 1186 1803 milia
1224 1767 1484 1815 Boscbenorum)
1523 1771 1588 1813 Ugo
1614 1768 1651 1801 de
1678 1770 1845 1811 Gorzano,

1085 1820 1243 1855 Albertus
1270 1819 1309 1851 de
1347 1820 1495 1857 Vama,
1537 1818 1689 1852 Dominus
1719 1820 1783 1863 Ugo
1809 1820 1847 1851 de

1087 1869 1237 1907 Solaria,
1266 1871 1330 1913 Ugo
1356 1872 1394 1902 cle
1421 1868 1528 1908 Gaio,
1558 1871 1687 1902 meus
1714 1869 1752 1901 de
1781 1871 1849 1901 Ba-

1088 1920 1195 1966 lugola
1223 1917 1376 1967 (singuli
1408 1919 1461 1953 isti
1490 1932 1507 1954 a
1536 1917 1698 1954 Castellis
1726 1920 1850 1963 Gurza-

1090 1984 1148 2009 no,
1179 1972 1328 2012 Varana,
1357 1970 1496 2011 Solam,
1524 1969 1669 2016 Gaggxb,
1708 1969 1850 2015 Balaga-

1090 2022 1123 2056 la
1161 2032 1355 2067 cognomen
1392 2019 1509 2055 sortiti
1547 2019 1652 2068 sunt)
1681 2017 1851 2065 Paffapon-

1091 2082 1143 2113 te,
1178 2070 1398 2114 Calcagniuffi
1441 2072 1614 2117 Squama,
1651 2070 1850 2116 Codagnelus

1094 2120 1350 2169 (Agnomina,
1389 2120 1457 2156 five
1493 2120 1745 2168 Supernomina
1773 2119 1851 2155 sunt

1094 2170 1131 2206 in
1167 2183 1296 2206 nomen
1324 2171 1512 2220 conversa)
1540 2174 1732 2210 Radaldus,
1768 2173 1852 2205 Teu-

1095 2235 1132 2265 zo
1159 2220 1231 2260 &aa
1269 2223 1313 2256 Θ·
1351 2223 1415 2256 alii
1449 2222 1580 2257 Nobiles
1607 2223 1654 2261 ἔφ’
1689 2222 1852 2266 sapientes

1097 2272 1271 2308 Mutinae.
1317 2275 1369 2308 En
1411 2274 1525 2321 qualis
1568 2272 1656 2319 apud
1697 2272 1852 2319 Majores

1097 2322 1225 2358 nostros
1248 2324 1444 2360 Nominum
1470 2325 1503 2359 &
1529 2322 1791 2369 Cognominum
1814 2335 1853 2357 u-

1097 2372 1171 2414 sus,
1199 2376 1255 2409 vel
1282 2374 1358 2423 ipso
1395 2376 1518 2410 Seculo
1553 2373 1684 2409 Christi
1713 2372 1853 2408 Duode-

1097 2425 1192 2461 cimo
1203 2451 1212 2461 .
1230 2425 1333 2461 Plura
1349 2438 1508 2475 aggerere
1522 2423 1729 2470 superfluum
1744 2423 1832 2459 duco
1844 2449 1854 2459 .

1148 2475 1211 2512 Sed
1248 2477 1387 2525 quando
1422 2476 1615 2522 Cognomina
1655 2474 1738 2510 haec
1775 2487 1854 2522 prae

1098 2526 1259 2562 manibus
1311 2527 1474 2563 habemus
1495 2552 1506 2570 ‚
1560 2525 1854 2562 committendum

1099 2591 1172 2614 non
1209 2577 1275 2620 est,
1316 2587 1356 2616 ut
1393 2576 1525 2616 1..εᾶοτ
1559 2575 1854 2614 animadverfione

1139 2629 1173 2664 G
1199 2640 1222 2677 g
1710 2626 1803 2664 frau-
