2216 3100
406 179 486 222 231
743 167 1122 227 ANTIQUIT.
1165 167 1384 213 MEDII
1417 168 1583 211 AEVI
1834 188 1914 227 232

347 224 428 260 culo
456 223 645 270 constabit,
671 225 776 274 quim
802 227 875 264 levi
902 228 1105 265 fundamen·
1139 231 1191 266 Ar

346 283 385 310 to
413 275 548 312 nitatur
575 276 714 313 novitia
751 278 951 327 hujusmodi
988 279 1107 315 censu-

345 338 407 361 ra.
445 328 477 361 Is
515 335 631 363 autem
669 341 739 364 non
774 330 863 366 alius
899 330 964 370 est,
1002 331 1106 377 quam

345 376 607 414 Eruditiffimus
634 378 706 427 ipse
732 381 919 429 Maffejus,
947 380 1007 428 qui
1038 380 1107 428 pri-

347 428 443 462 miim
465 428 570 464 editis
596 430 796 465 Florentiae
817 436 924 465 Anno
945 433 1105 466 MDCC-

345 479 445 513 XXI.
466 478 678 515 Caffiodorii
699 481 1018 528 Complexionibus
1032 508 1040 522 ,
1061 483 1108 516 E-

346 527 506 577 pistolam
535 529 629 566 suam
657 530 816 575 addidit,
843 542 944 568 antea
969 545 1109 579 quoque

346 580 547 628 evulgatam
577 583 696 616 Tomo
735 583 779 617 V.
807 581 932 618 Italiae
961 584 1108 626 Sacrae,

346 632 504 666 Venetae
524 631 694 667 editionis
708 659 717 675 ,
737 632 774 668 in
797 646 863 680 qua
889 633 1107 679 Rhythmum

345 680 461 729 ipsum
488 682 526 716 de
563 682 730 717 Laudibus
760 685 893 718 Veronae
929 697 948 719 a
977 684 1110 719 Mabil-

347 732 448 768 lonio
484 731 642 777 editum,
670 746 740 768 non
778 733 904 776 semel,
943 733 997 770 sed
1035 734 1110 773 bis,

349 782 464 818 aeneis
502 783 596 830 typis
632 782 809 827 tradidit,
845 794 950 831 atque
986 784 1109 820 iisdem

348 833 452 881 plane
474 832 613 876 verbis,
636 845 723 879 quae
744 833 832 880 apud
855 835 1110 870 Mabillonium

351 884 538 929 leguntur,
564 883 598 917 &
624 883 720 918 nulla
748 882 836 918 faRa
862 884 1031 919 Versuum
1058 885 1109 919 di-

351 931 562 978 stinS’done,
590 933 754 980 nullaque
792 933 949 969 adhibita
977 934 1113 969 Critica

348 984 533 1026 Lucerna,
558 997 665 1030 quum
694 993 810 1019 tamen
839 984 875 1018 in
901 984 1022 1019 eodem
1049 984 1104 1020 Li>

348 1033 414 1069 bro
442 1033 513 1081 ipse
543 1034 762 1079 Rhythmum
791 1033 1016 1081 sepulcralem
1049 1038 1108 1069 Pa-

348 1083 435 1126 cifico
454 1085 686 1119 Archidtacono
707 1083 854 1131 positum
869 1112 878 1127 ,
901 1098 939 1120 ac
960 1084 1110 1132 ejusdem

353 1133 488 1178 Metti,
518 1134 611 1170 mihi'
646 1148 784 1183 quoque
811 1135 921 1172 rursus
960 1135 1050 1171 infra
1078 1149 1107 1171 e-

350 1184 505 1219 dendum
537 1185 574 1220 in
601 1185 668 1220 hoc
696 1188 833 1231 Opere,
865 1186 1115 1222 Differtarione

353 1237 489 1271 XLIII.
519 1238 567 1270 De
597 1237 777 1271 Literarum
807 1237 914 1280 statu,
943 1236 1113 1271 ordinatis

351 1285 502 1321 versibus
548 1287 770 1334 protulisset.
817 1285 920 1329 Cur,
962 1287 1085 1321 amabo
1105 1313 1114 1329 ‚

350 1336 445 1383 quod
473 1334 534 1384 ipsi
576 1336 721 1383 M‹.ffejo
750 1336 798 1372 fas
837 1350 875 1372 ac
903 1338 1113 1372 laudandum

349 1388 460 1422 Anno
499 1388 746 1422 MDCCxxL
786 1388 1010 1430 credebatur,
1046 1386 1116 1430 post

351 1436 410 1473 sex
439 1450 548 1472 annos
576 1436 671 1473 nefas
698 1439 731 1472 ὅ(
761 1438 970 1485 culpandum
1003 1436 1113 1472 visum

352 1486 450 1522 fuit?
480 1490 532 1522 En
571 1498 609 1522 ut
637 1487 705 1522 suis
742 1486 814 1534 ipse
852 1489 956 1523 armis
995 1497 1115 1523 contra

350 1537 384 1573 fe
414 1547 563 1585 pugnat.
592 1538 628 1572 Si
656 1537 742 1584 quid
780 1551 862 1586 ergo
892 1538 1015 1582 video,
1046 1551 1115 1572 non

355 1588 449 1635 quod
472 1589 534 1623 ille
560 1587 721 1623 adversus
743 1587 998 1624 Mabillonium
1013 1614 1023 1628 ,
1045 1602 1114 1623 me—

353 1651 422 1686 que
460 1637 707 1687 excogitavit,
739 1638 793 1674 sed
832 1639 897 1674 hoc
936 1652 1041 1674 unum
1074 1653 1116 1674 ex

354 1689 454 1725 illius
490 1690 690 1737 nuperrime
727 1689 915 1725 adinventa
949 1689 1119 1725 sententia

356 1739 521 1785 consequi
544 1740 792 1775 tantummodo
815 1740 940 1785 potest:
963 1740 1118 1784 scilicet,

354 1788 566 1826 Lee‘toribus
588 1790 753 1838 injectam
782 1790 1010 1834 suspicionem
1036 1789 1116 1826 fuis-

356 1839 412 1882 se,
450 1853 595 1887 eamque
624 1841 686 1875 vix
725 1853 876 1887 unquam
915 1841 1118 1884 delendam,

355 1889 379 1924 s1
407 1890 547 1937 quando
584 1890 719 1937 aliquid
759 1891 844 1926 novi
883 1904 925 1926 ex
963 1891 1117 1939 antiquis

356 1940 553 1976 codicibus
581 1940 652 1986 ipse
679 1941 851 1990 proferet,
876 1955 938 1976 nos
965 1955 1035 1976 non
1063 1955 1118 1977 ac-

357 2001 517 2040 cepturos
555 1990 669 2035 illud,
697 1993 798 2039 quale
836 1992 871 2027 in
909 1992 1119 2028 membranis

358 2050 458 2084 erat,
487 2041 540 2077 sed
571 2043 671 2088 quale
710 2046 866 2077 Lacernae
893 2043 1030 2077 criticae
1058 2042 1114 2078 do-

360 2091 505 2128 &iffimi
534 2092 614 2127 Viri
642 2092 755 2129 visum
793 2093 921 2141 fueritg
951 2103 1055 2140 atque
1083 2107 1117 2128 a·

361 2143 426 2179 deo
455 2152 566 2178 certos
595 2156 656 2178 nos
684 2144 720 2179 in
751 2144 919 2189 posterum
957 2145 1021 2179 effe
1049 2157 1118 2179 non

361 2194 455 2242 posse
472 2221 481 2237 ,
524 2193 708 2229 multis-ne
753 2195 790 2230 in
831 2194 919 2230 locis
963 2203 1120 2230 veterum

360 2246 467 2280 verba
496 2257 534 2280 ac
564 2254 738 2289 mentem,
763 2258 805 2280 an
835 2244 971 2290 Mafl‘eji
1000 2244 1120 2291 (vete-

360 2308 413 2331 res
440 2296 622 2342 loquentes
638 2321 648 2335 ,
670 2305 774 2343 prout
798 2294 869 2343 ipse
892 2294 1016 2330 melius
1041 2309 1119 2331 cen·

360 2344 457 2386 suit,
498 2346 726 2393 inducentis)
774 2345 865 2381 sensa
911 2345 1121 2382 habeamus.

363 2398 465 2484 {Quas
491 2409 576 2472 :ergo
601 2396 661 2435 illi
687 2395 771 2434 fides
797 2396 837 2434 in
865 2396 1034 2447 posterum
1062 2397 1122 2434 ha-

388 2461 430 2484 en
457 2460 498 2484 a.

1270 228 1344 263 Has
1372 240 1436 275 ego
1463 227 1640 276 legitimas
1677 241 1859 277 germanae
1891 229 1975 267 Cri-

1219 277 1309 314 ticae
1336 279 1469 327 regulas
1497 292 1593 315 reor.
1622 280 1765 315 Scilicet:
1802 280 1838 315 in
1869 283 1975 317 Vete-

1219 342 1293 364 rum
1338 330 1577 364 monumentis
1621 331 1772 377 primurn
1809 331 1976 371 edendis,

1220 378 1257 415 &
1295 379 1477 426 praecipue
1514 379 1534 413 si
1578 393 1619 415 ex
1657 382 1777 428 aliquo
1815 381 1977 430 fingulari

1220 428 1461 476 antiquiffimo
1489 431 1594 464 Msco
1622 430 1685 466 illa
1707 434 1978 480 depromantur,

1219 493 1329 527 eoque
1361 479 1470 527 magis
1500 478 1520 513 fi
1555 481 1721 516 Carmina
1758 482 1856 527 sunt,
1885 484 1977 518 nihil

1219 544 1305 577 opus
1333 530 1397 565 effe
1425 529 1596 565 discedere
1633 544 1651 565 a
1679 531 1830 568 lefiione
1867 534 1978 569 Codi-

1223 581 1293 616 cis:
1320 581 1433 616 immo
1461 593 1533 615 rem
1561 580 1718 625 poscere,
1745 591 1782 618 ut
1808 593 1976 629 quantum

1223 631 1297 666 fieri
1327 630 1450 678 possit,
1479 630 1596 666 eadem
1626 631 1733 666 leS‘tio
1765 633 1980 675 retineatur,

1148 684 1174 717 Β
1223 681 1368 717 exclufis
1396 682 1532 716 tanturn
1571 682 1793 729 apertiffimis
1824 683 1981 719 Librarii

1224 732 1380 775 mendis,
1409 745 1496 779 quae
1524 741 1639 767 tamen
1668 733 1875 780 distinguere
1904 748 1981 769 om-

1224 783 1320 818 nium
1350 782 1415 818 est.
1446 783 1481 818 Si
1509 783 1592 830 quid
1624 786 1704 818 vege>
1741 784 1879 831 gravius
1909 785 1982 820 edi·

1224 834 1293 869 tori
1321 833 1530 871 immutare.
1560 834 1694 874 delere.
1725 834 1879 881 supplere
1907 835 1983 870 ani-

1226 897 1300 918 mus
1326 883 1390 923 est,
1415 883 1450 918 id
1476 885 1672 919 clanculum
1702 884 1830 927 facere,
1853 885 1983 921 Lean—

1225 933 1384 979 ribusqut²
1406 932 1553 968 minime
1574 935 1742 977 consciis,
1764 949 1982 982 nequaquam

1225 984 1329 1017 licet.
1361 985 1484 1029 Neque
1520 983 1613 1017 enim
1652 988 1692 1018 ad
1729 985 1899 1031 ejusmodi
1936 986 1984 1021 li—

1226 1035 1377 1068 centiam
1407 1032 1640 1080 purgandam.
1670 1032 1752 1069 satis
1780 1034 1861 1069 esset
1888 1034 1984 1070 dice-

1226 1097 1280 1119 re:
1313 1082 1525 1119 feliciffimas
1555 1083 1793 1131 conjusturas,
1818 1094 1988 1133 opportu-

1150 1133 1183 1170 C
1226 1147 1337 1182 naque
1359 1134 1510 1169 remedia
1531 1134 1571 1168 ad
1592 1143 1741 1170 mentem
1768 1135 1986 1177 Αυξὶοτυω,

1225 1184 1262 1219 &
1292 1184 1332 1218 ad
1363 1184 1472 1218 Metti
1500 1185 1591 1231 leges
1620 1185 1783 1220 adhibui.
1823 1188 1913 1221 Nam
1944 1194 1984 1222 ut

1226 1245 1264 1269 ut
1293 1234 1428 1282 ingenii
1467 1235 1627 1269 acumine
1656 1234 1837 1282 quisquam
1877 1239 1987 1272 abun-

1225 1285 1307 1327 det,
1334 1297 1438 1331 quam
1477 1285 1613 1319 laudem
1653 1287 1770 1327 procul
1814 1286 1922 1322 dubio
1950 1300 1987 1322 a-

1226 1334 1354 1383 gnosco
1382 1336 1413 1369 8<
1452 1348 1514 1382 ego
1545 1335 1580 1370 in
1618 1334 1822 1371 Clariffimo
1860 1337 1987 1373 Maffe-

1229 1387 1281 1431 jo:
1315 1394 1468 1420 attamen
1497 1385 1646 1421 liberum
1676 1385 1806 1433 semper
1840 1387 1987 1423 Leffiori

1229 1434 1396 1482 judicium
1436 1434 1639 1469 servandum
1668 1435 1762 1477 erit,
1791 1445 1830 1470 ut
1857 1436 1989 1484 perspi-

1228 1498 1303 1520 cere
1333 1483 1454 1530 poffit,
1484 1484 1658 1528 reae-ne,
1684 1498 1725 1520 an
1756 1484 1847 1521 secus
1874 1486 1989 1523 Criti-

1229 1549 1286 1571 cus
1316 1534 1370 1570 vir
1399 1534 1549 1569 medicas
1578 1549 1698 1570 manus
1737 1534 1899 1572 intulerit
1927 1550 1988 1571 an-

1156 1584 1187 1617 D
1230 1586 1339 1633 tiquis
1379 1586 1593 1629 codicibus,
1627 1595 1853 1633 veterumque
1890 1587 1990 1622 lucu-

1231 1636 1447 1672 brationibus
1465 1662 1473 1670 .
1502 1638 1546 1670 Er
1577 1635 1731 1683 profeffle
1764 1636 1990 1683 quanticum-

1231 1701 1297 1735 que
1325 1686 1389 1721 slnt
1417 1686 1548 1722 Critici
1577 1686 1612 1721 in
1641 1687 1864 1723 emendandis
1894 1697 1991 1723 vete-

1232 1751 1306 1774 rum
1337 1737 1481 1780 Libris,
1511 1736 1536 1772 ii
1567 1750 1635 1772 non
1664 1751 1740 1772 raro
1780 1739 1880 1773 nobis
1911 1752 1990 1786 pro-

1235 1789 1356 1836 pinant
1379 1801 1447 1822 non
1475 1787 1669 1823 Αυὸἲονυῐη
1695 1789 1796 1823 verba
1812 1816 1820 1831 ,
1842 1787 1895 1824 sed
1918 1802 1991 1824 me-

1233 1839 1427 1874 ditamenta
1455 1851 1492 1872 ac
1520 1838 1758 1873 divinationes
1783 1838 1878 1878 suas,
1903 1852 1994 1886 quae·

1233 1900 1350 1925 tamen
1378 1899 1507 1923 veteres
1531 1901 1571 1922 ne
1593 1887 1807 1924 somniarunt
1829 1888 1991 1936 quidem.

1236 1942 1275 1976 In
1316 1939 1495 1984 Rhyrhrno
1532 1939 1740 1974 Mibillonii
1777 1940 1856 1975 cura
1896 1940 1992 1974 edito

1235 1992 1286 2027 ita
1314 1990 1345 2026 se
1374 1990 1520 2025 habebat
1549 1990 1604 2025 hic
1635 1989 1778 2025 Versus:

1287 2067 1346 2102 Ab
1372 2066 1495 2100 Oriente
1530 2066 1622 2101 babet
1644 2065 1780 2113 primum
1816 2067 1995 2111 Martyrem

1339 2119 1551 2162 stephanum.

1289 2193 1342 2227 Ita
1371 2190 1472 2225 illum
1498 2203 1516 2225 e
1540 2189 1738 2239 conjeE’tura
1764 2190 1820 2226 sua
1844 2189 1995 2227 restituit

1240 2241 1423 2288 Maffejus.

1289 2316 1348 2354 Ab
1375 2317 1499 2350 Oriente
1531 2317 1622 2351 habes
1647 2316 1782 2363 primum
1817 2321 1996 2353 Protomar-

1340 2379 1437 2415 tyrem
1464 2368 1676 2414 Stephanum.

1240 2444 1275 2480 Si
1316 2443 1465 2479 Auffiori
1504 2443 1591 2479 illud
1627 2444 1761 2490 prt'mum
1798 2443 1996 2480 adhibitum

1242 2494 1358 2532 fuisset
1397 2507 1468 2530 non
1509 2494 1692 2535 adverbii,
1733 2495 1788 2531 sed
1832 2494 1998 2582 adljggtvivi
