2216 3100
267 183 349 220 229

572 162 825 205 DISSAERJ}
821 163 938 203 1310
971 159 1197 220 stDR-
1196 160 1458 203 {GEe—'mla

1685 179 1769 219 230

207 237 250 260 ne
278 228 320 261 ad
360 223 464 260 instar
499 220 638 271 prosae,
665 219 802 256 servato
837 219 923 255 dunt
928 234 955 256 a
985 228 1031 259 ‚A
1068 217 1250 267 praecipue
1287 230 1394 265 quum
1431 218 1472 253 de
1504 220 1729 258 Carminibus
1768 235 1826 257 ve-

208 285 271 311 xat
314 274 524 322 stropharum
575 270 698 307 ordine
714 295 724 311 ‚
776 279 963 318 utrumque

209 327 427 371 Rhythmum
464 322 583 370 proelo
621 320 886 370 subjecerimus:
926 322 963 355 si

202 377 285 421 fatti
304 373 504 409 Monumenn'
513 396 524 413 ‚
545 372 665 408 scribit
690 373 753 408 ille
768 396 778 411 ,
800 384 859 405 non
879 385 960 406 van·

206 439 246 460 no
264 425 417 468 stampati
452 437 530 458 come
557 424 586 457 le
622 423 807 469 IJcriziom',
835 434 851 455 o
886 434 964 456 come

205 476 220 510 ἰ
241 475 344 509 vecchi
365 474 562 517 strumenti,
577 473 677 519 senza
702 484 805 507 mutar
824 473 934 506 lettera
944 486 964 515 ,-

204 524 322 570 effindo
347 525 398 559 che
423 525 505 560 altro
530 525 548 558 ὲ
573 523 626 558 un’
637 525 790 570 originale
815 521 964 558 a’aneico

204 575 342 614 Notaio,
369 576 449 609 dove
473 577 534 622 psit
569 577 628 619 cose
663 575 831 620 insegnano
867 574 964 608 anche

200 627 252 673 gli
271 626 365 660 errori
374 640 394 669 ;
412 627 450 660 ed
473 627 555 660 altro
574 627 590 658 ἑ
611 623 665 659 un’
678 625 810 668 Istoria,
831 637 847 658 o
871 627 962 658 Com-

201 677 381 721 ponimemo
424 675 654 711 tramandatoci
697 674 752 709 da’
768 675 886 721 Coptsti
900 699 910 714 ‚
953 674 965 707 i

203 726 294 774 quali
318 727 409 761 dalla
437 736 558 766 mente,
585 739 600 760 e
634 727 723 761 dallo
752 725 862 771 scritto
887 723 963 759 delt’

202 780 328 813 Amore
353 777 488 812 abbiano
507 777 642 811 deviato
663 777 900 821 scioccamente.
928 777 964 810 In

202 828 304 875 questo
331 827 396 872 caso
421 828 485 874 egli
509 828 527 861 δ
554 826 713 873 neccffario
740 827 814 871 usar
840 829 966 861 lucerna

202 879 331 921 critica,
367 891 384 912 e
423 879 570 922 conoscere
611 880 650 912 ed
689 879 872 921 emendare,
908 890 967 911 ove

201 929 330 976 poffiaem
344 928 430 972 farlo
449 942 500 963 con
513 928 674 972 sicurezza
686 954 694 962 .
712 929 807 963 Tum
828 926 965 972 Rhyth-

205 991 301 1014 mum
327 991 345 1013 a
371 979 592 1013 Mabillonio
617 978 750 1013 editum
780 978 891 1012 rursus
913 977 966 1025 ip-

205 1028 238 1064 se
259 1029 393 1072 exerit,
415 1027 566 1076 singulos
584 1027 708 1063 Versus
728 1027 965 1076 distinguet-253

205 1080 238 1114 &
267 1092 420 1121 errore3‚
447 1077 685 1125 quoscumque
708 1078 839 1127 potest,
868 1079 961 1112 ad'ni-

205 1130 280 1164 bita
306 1129 551 1163 emendatione
578 1130 704 1162 tollit.
732 1129 885 1162 criticam
913 1127 962 1162 vi-

203 1179 235 1214 ri
264 1177 453 1212 doffiiffimi
491 1179 647 1211 lucernam
685 1177 801 1211 hercle
836 1189 901 1222 ego
930 1175 966 1211 ὃ(

205 1229 315 1276 probo
356 1228 390 1262 δε
433 1226 642 1262 commendo
659 1252 668 1270 ‚
705 1225 800 1274 quod
841 1226 885 1260 est
926 1227 967 1260 ad

203 1278 417 1326 castigandos
472 1275 766 1324 defaecandosque
829 1275 964 1311 eosdem

204 1328 426 1374 Rhythmos:
456 1327 510 1363 sed
549 1341 653 1362 nemo
692 1326 840 1363 fortaffis
878 1326 968 1365 erit,

203 1380 266 1427 qui
295 1378 434 1414 homini
466 1378 610 1426 plaudat
644 1378 839 1426 insurgenti
858 1405 867 1419 ‚
898 1390 968 1412 non

203 1431 344 1471 dicam,
371 1429 409 1464 in
446 1441 502 1463 me
529 1428 624 1475 (hoc
661 1430 755 1463 enim
794 1427 884 1463 nihil
915 1441 959 1462 re·

203 1479 296 1527 fert)
325 1478 379 1515 sed
407 1478 445 1514 in
474 1478 754 1522 Mabillonium,
778 1487 851 1513 tam
883 1479 967 1513 bene

203 1530 245 1565 de
275 1530 406 1565 Literis
434 1528 471 1565 ἂ
500 1530 540 1564 de
570 1530 763 1576 Republica
791 1528 966 1565 Literaria

202 1579 392 1622 meritum,
421 1592 460 1614 ac
496 1578 628 1614 summa
667 1579 892 1615 veneratione
931 1592 963 1614 a·

202 1631 271 1678 pud
298 1643 420 1665 omnes
457 1629 629 1677 dignum.
656 1632 777 1676 Quum
815 1643 856 1665 ex
896 1643 966 1665 uno

202 1681 444 1728 antiquiffimo
479 1680 587 1716 Msto
623 1681 767 1729 aliquod
806 1690 962 1716 veterum

201 1743 472 1767 monumentum
510 1730 718 1767 describitur
749 1733 781 1766 8<
820 1734 958 1780 evulga-
986 1774 989 1780 .

200 1791 279 1821 tur,
307 1781 375 1817 rite
406 1781 538 1830 semper
574 1795 716 1817 munere
755 1782 814 1817 suo
847 1782 962 1830 fungi-

200 1841 260 1867 tur
283 1832 420 1871 editor,
444 1832 467 1867 fi
491 1831 664 1879 quidquid
688 1833 811 1869 Codex
840 1833 963 1869 MStus

201 1882 332 1921 habet,
377 1881 530 1917 fideliter
569 1882 764 1930 exprimit,
806 1884 962 1930 exeeptis

201 1931 420 1968 crassioribus
473 1932 677 1980 quibusdam
732 1933 962 1979 sphalmatis,

201 1996 289 2031 quae
326 1983 378 2018 uti
415 1983 452 2018 in
490 1984 651 2033 omnium
688 1986 807 2019 oculos
846 1986 957 2020 incur-

201 2043 304 2074 runt,
342 2034 393 2069 ita
431 2034 568 2069 veniam
607 2036 691 2070 dant
728 2035 870 2077 cunE'ci,
899 2045 962 2080 ut,

201 2097 242 2119 nc
271 2085 410 2119 mcnito
437 2085 578 2132 quidem
606 2085 776 2124 Lestore,
804 2085 957 2121 auferan—
985 2107 987 2110 v

200 2145 275 2170 tur.
314 2137 503 2183 Nunquam
532 2135 717 2171 Le&0rem
748 2135 855 2180 fallo,
877 2136 960 2172 dum

199 2199 264 2233 ego
291 2199 360 2221 non
390 2185 490 2221 fallar
516 2185 553 2220 in
591 2186 820 2232 intelligendi
851 2186 960 2222 reete-

201 2249 267 2284 que
295 2237 464 2272 reddendi
500 2236 638 2285 antiqui
675 2237 774 2272 illius
811 2235 960 2273 Codicis

202 2287 386 2335 scriptura.
424 2288 559 2324 Deinde
589 2290 671 2323 vero
707 2288 857 2324 liberum
886 2289 961 2325 cui-

204 2349 350 2384 cumque
376 2337 519 2374 Critico
547 2338 692 2375 Lefilori
721 2338 788 2384 est,
816 2339 961 2376 innuere

204 2387 364 2424 meliores
391 2389 582 2434 lefi’tiones,
608 2389 769 2438 castigare
794 2390 959 2439 deprava-

202 2447 264 2481 ta,
293 2438 446 2487 supplere
473 2453 560 2488 quae
587 2440 730 2476 desunt.
768 2443 882 2476 Immo
911 2440 960 2477 se-

204 2500 262 2523 cus
297 2502 395 2538 agere
432 2491 663 2538 periculoturn
702 2491 888 2532 videatur,
925 2493 959 2528 δ(

1039 298 1042 330 Ι

1066 278 1177 305 terum
1196 268 1492 316 agitur-,quorum
1509 269 1635 305 similes
1654 271 1826 318 Rhythi

1039 319 1166 360 :sunu
1197 318 1388 354 delicatum
1426 319 1520 355 enim
1553 320 1744 356 artificium
1782 323 1828 357 il-

1065 371 1180 405 lorum
1209 368 1276 409 est,
1303 382 1414 417 neque
1447 369 1598 405 nimium
1628 370 1665 405 in
1702 371 1746 406 iis
1774 385 1830 406 ca-

1066 419 1231 468 stigandis
1267 419 1491 460 audendum,
1519 419 1582 456 nifi
1623 421 1665 457 de
1697 421 1830 457 medela

1066 471 1223 507 adhibita
1260 470 1392 507 LeE‘wr
1427 473 1636 515 moneatur,
1664 472 1721 507 cui
1755 485 1829 507 me-

1066 521 1198 557 ditanti
1241 521 1383 557 forfitan
1425 521 1563 557 melior
1593 521 1630 557 in
1674 531 1828 557 mentem

1067 571 1187 607 venire
1225 571 1355 620 poffit.
1384 573 1420 608 Si
1447 573 1545 608 locus
1582 572 1716 608 futurus
1748 573 1830 609 effer

1066 623 1230 680 regulam.
1255 635 1360 670 quam
1393 636 1484 658 nunc
1523 624 1674 671 primum
1706 636 1829 667 procu-

1066 672 1120 707 dit
1161 672 1294 708 amicus
1336 673 1528 721 MaffejuS‚
1571 673 1717 709 miseros
1761 673 1828 720 jam

1066 723 1242 780 appellare
1285 722 1410 759 liceret
1452 723 1594 770 quosvis
1635 723 1830 768 Eruditos,

1067 774 1129 822 qui
1171 783 1400 809 monumenta
1443 784 1601 810 veterum
1649 774 1829 815 tenebris.

1068 823 1182 859 nostro
1233 824 1449 872 potiffimum
1501 827 1651 864 Seculo,
1692 825 1831 873 eripue-

1068 884 1172 914 runt,
1200 888 1310 921 neque
1347 877 1544 911 Lucernam
1580 875 1757 912 Criticam
1788 876 1829 912 ad

1069 924 1198 973 singula
1229 926 1481 961 accenderunt.
1521 928 1642 974 Atque
1680 940 1754 962 mea
1791 926 1830 962 in

1069 976 1191 1032 primis
1219 975 1429 1023 deploranda
1457 975 1596 1012 fortuna
1628 977 1740 1021 foret,
1768 977 1831 1025 qui

1068 1026 1103 1060 in
1150 1028 1278 1061 Rerum
1322 1027 1525 1063 Italicarum
1567 1028 1830 1064 (ΣοΙΙεδὶὶοηεπι

1068 1085 1123 1111 tot
1152 1076 1323 1113 l-hstorias
1369 1077 1479 1114 intuli
1517 1091 1695 1126 nunquam
1727 1088 1831 1114 antea

1067 1127 1200 1170 editas,
1228 1127 1351 1184 easque
1384 1129 1486 1171 dedi,
1515 1131 1633 1176 quales
1670 1143 1689 1164 e
1717 1129 1833 1165 MStis

1068 1177 1208 1222 accepi,
1236 1178 1340 1213 vitiis
1375 1156 1546 1214 videlicet
1582 1188 1737 1215 veterum
1768 1180 1833 1216 Li-

1069 1225 1262 1260 brariorum
1295 1227 1392 1274 saepe
1428 1228 1601 1264 foedatas.
1631 1230 1695 1264 Sed
1733 1230 1830 1265 aliud

1068 1285 1162 1310 certe
1203 1275 1334 1312 eruditi
1376 1278 1482 1313 Orbis
1523 1279 1695 1325 judicium
1737 1279 1832 1316 erit.

1069 1326 1310 1366 mabillonio,
1349 1327 1461 1366 mihi,
1490 1328 1681 1376 ceterisque
1715 1331 1834 1364 Anec-

1068 1376 1231 1411 dotorum
1261 1377 1456 1413 editoribus
1490 1391 1599 1414 unum
1628 1380 1833 1427 plerumque

1068 1426 1252 1462 confilium
1281 1427 1371 1471 fuit,
1397 1441 1436 1463 ac
1464 1427 1620 1465 futurum
1647 1429 1713 1469 est,
1735 1443 1834 1466 nem-

1070 1490 1109 1525 pe
1137 1478 1173 1513 in
1202 1478 1445 1514 Literatorum
1484 1480 1711 1516 commodum
1744 1494 1830 1529 quae

1067 1528 1224 1564 latebant
1252 1528 1288 1564 in
1318 1531 1431 1565 MStis
1470 1531 1548 1566 luce
1581 1530 1731 1575 donare,
1760 1545 1831 1567 non

1068 1589 1183 1614 autem
1225 1579 1396 1615 subfistere
1433 1580 1473 1615 ad
1511 1580 1662 1621 omnia,
1702 1595 1832 1630 expen-

1067 1630 1176 1665 denda
1204 1630 1436 1666 meditatione
1473 1630 1606 1680 rigida,
1634 1640 1738 1679 atque
1770 1646 1833 1669 ex-

1068 1681 1269 1729 purganda,
1311 1681 1465 1729 suscepta
1511 1681 1624 1718 veluti
1666 1691 1831 1719 anatome

1066 1730 1236 1777 exquisita
1263 1731 1381 1767 vitiofi
1410 1745 1449 1767 ac
1476 1732 1673 1769 inordinati
1704 1746 1832 1780 corpo-

1066 1782 1132 1817 ris.
1164 1781 1220 1816 Est
1258 1782 1323 1817 hoc
1360 1781 1545 1818 hominum
1585 1782 1711 1832 majori
1749 1784 1828 1820 otio

1066 1832 1282 1881 fruentium3
1314 1832 1427 1868 immo
1462 1833 1624 1868 omnium
1661 1834 1726 1869 effe
1764 1848 1829 1883 po-

1066 1883 1148 1922 test,
1175 1883 1236 1931 qui
1263 1883 1432 1919 beneficio
1460 1897 1518 1929 per
1545 1897 1608 1919 nos
1633 1884 1750 1920 delato
1775 1884 1829 1921 uti

1065 1933 1191 1969 deinde
1221 1934 1355 1969 velint.
1393 1935 1632 1979 Quamobrem
1672 1935 1829 1972 morosus

1067 1985 1167 2031 plane
1209 1983 1275 2026 fit,
1313 1984 1374 2032 qui
1416 1985 1681 2021 celeberrimum
1724 1986 1828 2023 illum

1040 2048 1042 2067 ς
1067 2034 1216 2079 Virum,
1237 2048 1361 2082 meque
1389 2034 1489 2071 fimul
1516 2035 1744 2085 increpandos
1766 2038 1827 2074 fibi

1066 2086 1330 2133 sumat‚‘quod
1374 2086 1595 2132 Rhythmos‚
1632 2089 1751 2135 quales
1786 2088 1825 2124 in

1066 2138 1171 2170 unico
1195 2135 1422 2172 vetustissimo
1442 2137 1577 2173 Codice
1602 2138 1825 2183 invenimus,

1066 2186 1215 2222 verfibus
1252 2187 1360 2223 etiam
1397 2188 1630 2232 indistinffis,
1659 2190 1826 2236 quemad-

1065 2238 1207 2272 modum
1244 2238 1359 2287 reapse
1387 2238 1470 2274 illos
1507 2240 1631 2275 Codex
1666 2239 1824 2287 suppedi-

1064 2287 1184 2332 tavit,
1222 2288 1265 2324 ab
1307 2290 1456 2326 interitu
1500 2300 1603 2338 atque
1640 2289 1825 2325 oblivione

1065 2338 1389 2380 vindicaverimus,
1416 2340 1550 2377 etiamsi
1587 2353 1706 2376 omnes
1743 2339 1825 2376 inde

1063 2403 1193 2426 errores
1221 2404 1281 2435 per
1318 2405 1379 2426 nos
1409 2405 1479 2426 non
1515 2390 1645 2426 fuerint
1675 2389 1824 2427 sublati.

1063 2441 1125 2476 Sed
1164 2440 1249 2489 quid
1287 2441 1407 2490 plura?
1446 2441 1635 2477 Censorem
1671 2441 1823 2478 nostrum

1035 2528 1038 2532 ,
1062 2492 1104 2527 ad
1129 2492 1286 2535 Judicem
1312 2491 1490 2540 egregium
1515 2490 1608 2530 fisto,
1633 2491 1729 2538 cujus
1751 2494 1824 2529 cal-

1159 2544 1185 2576 P
1214 2553 1234 2576 2
1693 2543 1774 2578 culo
