2216 3100
427 235 522 285 323⁸

756 218 1135 277 ANTIQUIT.
1176 219 1393 261 MEDJJ
1432 221 1593 263 AEVI

1848 240 1929 278 324

366 287 606 313 morenciaca:
632 276 857 326 eamdemque
878 278 1021 315 subinde
1041 293 1123 314 con·
1146 281 1193 324 'A
1227 280 1467 316 Lxxxvm.
1485 282 1580 316 Tum
1609 280 1649 316 ad
1673 282 1814 317 Annum
1839 284 1982 320 CCCI..

365 325 525 363 firmavit
550 326 695 364 Clariss.
735 330 988 376 Papebrochius
1015 344 1033 366 e
1061 333 1119 366 So-

365 378 494 413 cietate
519 377 594 422 Jesu
611 403 623 418 ‚
658 379 696 414 in
725 379 829 415 Aais
855 380 1010 417 SanStor.
1039 381 1121 416 Bol—

364 427 459 464 land.
494 430 602 464 Tom.
629 443 665 476 4.
702 430 816 478 Maji,
854 444 928 479 pag.
963 444 1017 467 12.
1045 434 1121 467 Ho-

363 488 526 514 noratum
565 479 793 524 Boudoeum,
834 482 989 529 aliosque
1026 482 1124 518 testes

363 528 402 564 in
430 542 506 565 eam
534 543 605 565 rem
634 531 861 567 collaudans.
898 533 962 567 Sed
989 534 1023 568 &
1052 532 1124 581 ipse

364 579 478 616 rursus
506 581 662 616 eamdem
691 581 862 618 stabilivit
902 583 940 618 in
969 583 1121 631 Respon-

363 629 446 666 fion.
483 631 526 666 ad
562 631 788 668 Exhibition.
821 646 1000 679 errorum,
1037 647 1124 682 quos

364 680 400 716 ei
429 681 537 718 bonus
567 681 766 718 Carmelita
793 683 994 730 objecerat.
1031 685 1122 730 Qui-

363 744 513 779 cumque
540 732 578 769 in
607 742 762 769 veterum
792 735 1031 771 monumentis
1059 736 1123 771 ali-

363 784 574 830 quantulum
624 784 777 819 versatus
826 785 898 830 est,
944 785 1122 822 confestim

361 832 516 869 fateatur
541 842 711 878 oportet,
752 834 896 870 circiter
920 849 960 872 ea
986 846 1120 884 tempo-

362 896 431 922 ra,
472 882 586 917 immo
625 882 733 917 etiam
775 882 903 924 serius,
942 886 1122 923 invefi‘mm

362 932 462 968 fuisse
488 932 582 968 inter
609 933 770 969 Italicam
808 944 947 982 gentem
974 934 1121 983 Cogno—

361 983 500 1019 minum
528 982 626 1020 usum
644 1010 654 1019 .
693 985 818 1031 Itaque
844 984 967 1033 supine
993 984 1121 1021 fallun-

360 1043 443 1079 tur,
468 1034 531 1082 qui
558 1034 597 1071 in
626 1034 868 1071 remotissimis
905 1037 1038 1073 Seculis
1066 1050 1121 1073 ea-

360 1084 439 1121 dem
468 1085 502 1121 se
528 1085 741 1121 adinvenisse
774 1094 925 1134 putant,
961 1097 1001 1123 ut
1037 1087 1121 1124 illu-

360 1135 482 1172 stribus
509 1136 703 1173 nostrorum
731 1146 930 1185 temporum
958 1139 1122 1175 Familiis

1166 736 1191 769 Εὖ

1229 330 1390 366 Santstum
1433 331 1622 368 Protafium
1650 332 1782 377 Alqifia
1822 331 1881 368 fibi
1920 334 1984 370 tri·

1228 382 1329 416 buit:
1367 380 1530 417 Samstum
1575 383 1778 428 Dionysium
1808 383 1880 431 ejus
1910 383 1983 420 suc·

1227 432 1387 468 cessorem
1427 434 1625 468 Martiana.
1666 433 1829 469 San5³mm
1871 437 1984 470 Vene-

1226 484 1318 519 rium
1357 483 1530 518 Oldrada:
1570 483 1733 519 Sanfi'tum
1775 485 1980 531 Glycerium

1227 534 1445 568 Landriana:
1472 533 1634 569 Sanctum
1663 537 1835 570 Lazarum
1864 539 1979 571 Cotta.

1228 585 1359 620 Eodem
1401 584 1506 633 gradu
1555 585 1771 632 reliquorum
1807 585 1984 622 Mediola-

1227 634 1382 670 nenfium
1417 635 1631 671 Antistitum
1668 635 1868 671 distributio
1905 649 1984 683 pro-

1227 686 1346 728 cedit.
1382 698 1487 733 quam
1525 685 1690 735 religiose
1726 685 1917 734 Ughellius
1944 686 1981 721 in

1229 735 1331 772 ltalia
1358 738 1459 772 Sacra
1485 737 1652 773 retinuit.
1680 737 1742 772 Sed
1772 747 1811 772 ut
1838 747 1878 772 ut
1907 737 1984 772 vul-

1226 800 1287 835 gus
1315 797 1419 833 atque
1445 787 1615 824 ineruditi
1644 786 1738 823 hisce
1777 787 1903 823 fabulis
1932 786 1984 822 fa-

1227 838 1296 873 cile
1323 837 1568 885 acquiescant,
1605 848 1699 874 certe
1735 837 1847 873 miror
1883 837 1983 873 Puri-

1226 888 1397 931 cellium,
1436 888 1550 923 virum
1588 888 1747 935 alioquin
1784 888 1877 924 inter
1904 890 1985 923 Me-

1226 937 1443 972 diolanenses
1462 939 1652 984 Scriptores
1668 938 1849 974 emundiae
1870 938 1962 974 naris
1974 965 1985 982 ,

1227 988 1261 1021 8<
1289 986 1452 1021 omnium
1480 988 1786 1023 commendatione
1812 989 1988 1036 dignum,

1226 1035 1288 1085 qui
1315 1045 1507 1072 contexens
1533 1037 1655 1072 Vitam
1685 1036 1804 1072 sansti
1830 1040 1988 1074 Lauren-

1226 1088 1272 1123 tii
1298 1087 1565 1136 Archiepiscopi
1595 1087 1890 1131 Mediolanenfis‚
1918 1088 1988 1124 cir-

1226 1138 1316 1174 citer
1341 1140 1484 1174 Annum
1506 1138 1636 1175 Christi
1658 1137 1988 1187 Quingentefimum

359 1187 517 1223 thura&
538 1188 661 1223 odores
688 1188 898 1225 incendant.
926 1191 1005 1226 Aut
1031 1189 1120 1225 som·
1157 1189 1188 1223 C
1225 1190 1268 1225 ad
1302 1202 1378 1224 eam
1415 1189 1628 1225 Cathedram
1664 1188 1791 1233 ele6‘ci‚
1828 1202 1908 1225 eum
1945 1189 1984 1225 in

360 1237 420 1274 nia
447 1248 508 1274 aut
534 1238 741 1287 imposturae
768 1238 868 1279 sunt,
895 1239 917 1274 fi
946 1253 1035 1287 quae
1059 1240 1121 1276 hu—

359 1288 512 1337 jusmodi
551 1288 589 1325 in
626 1290 874 1338 Genealogicis
910 1290 1032 1326 Libris
1059 1303 1117 1325 no·

360 1339 415 1376 bis
443 1340 698 1388 propinantur:
728 1339 766 1375 &
796 1353 902 1388 prope
929 1354 992 1388 pro
1020 1354 1119 1389 argu—

359 1399 483 1426 mento
509 1389 669 1426 falsitatis
696 1390 808 1426 statim
838 1390 1031 1426 habendum
1054 1392 1119 1436 est,

359 1439 385 1475 fi
412 1454 480 1489 qua
506 1442 639 1478 Charta
670 1450 749 1477 ante
780 1441 1010 1477 Millefimum
1040 1455 1119 1477 exa-

360 1500 436 1528 rata
463 1492 618 1532 eruitur,
645 1505 749 1539 quam
778 1503 924 1531 ornent,
952 1502 1011 1527 aut
1038 1505 1120 1527 one-

359 1552 438 1578 rent
467 1542 544 1578 aevi
572 1542 675 1578 nostri
697 1541 946 1585 Cognomina.
979 1544 1117 1589 Propte-

360 1606 418 1628 rea
445 1592 537 1628 nihil
578 1592 807 1628 invidendum
837 1593 881 1627 est
908 1602 962 1629 tot
990 1594 1120 1629 nobili-

359 1644 422 1679 bus
460 1642 644 1682 familiis,
682 1656 770 1690 quae
806 1643 842 1678 in
881 1645 1120 1680 monumentis
1164 1644 1194 1676 D

361 1694 478 1730 Seculi
520 1694 673 1736 Οὲὶεινὶ,
718 1694 842 1738 Noni,
879 1696 911 1729 δι
953 1696 1119 1738 Decimi,

359 1744 575 1794 Episcopos‚
602 1745 831 1788 Cardinales,
859 1745 1014 1791 inclytos
1036 1747 1119 1782 belli

361 1798 478 1831 Duces
519 1796 729 1837 inveniunt,
771 1806 876 1843 atque
911 1797 1006 1831 inter
1045 1796 1120 1832 suos

361 1846 517 1893 Maiores
535 1847 689 1882 mirabili
710 1859 791 1892 pace
811 1846 1010 1882 accensent.
1034 1850 1121 1882 Her-

363 1897 416 1933 cle
453 1897 582 1933 eruditi
619 1896 688 1932 viri
730 1896 1010 1932 Mediolanenses
1053 1910 1121 1932 non

364 1947 548 1996 indigent,
577 1956 616 1983 ut
643 1960 662 1982 a
689 1959 744 1981 me
769 1946 999 1987 edoceantur,
1026 1947 1063 1983 in
1084 1962 1120 1984 u—

363 2012 410 2035 na
444 1998 592 2034 nubium
628 1998 770 2046 regione
797 1997 937 2045 (Libro
973 2012 1123 2044 nempe,

365 2048 427 2086 ubi
470 2049 605 2085 otiosus
645 2048 790 2098 quisque
828 2050 941 2095 legere
983 2050 1123 2096 potest,

365 2100 460 2149 quod
499 2101 624 2149 cupit)
660 2100 805 2136 inventa
842 2098 940 2135 fuisse
975 2099 1119 2149 Cogno—
1163 2099 1191 2132 E

364 2152 462 2188 mina
486 2162 641 2188 veterum
662 2150 1016 2198 Archiepiscoporum
1045 2153 1119 2187 Me-

366 2202 643 2239 dioianenfium.
683 2202 863 2237 Nimirum
901 2202 1018 2238 nescio
1047 2202 1125 2249 quis

368 2254 627 2304 nugivendulus
654 2252 806 2294 nrim‘um
830 2252 1051 2300 excogitavit
1071 2254 1120 2287 in-

368 2313 424 2341 ter
449 2304 596 2341 illustres
623 2304 778 2350 inclytae
804 2303 903 2338 illius
931 2302 1042 2338 Urbis
1062 2306 1123 2338 Fa-

368 2356 489 2392 milias
517 2356 640 2403 partiri
667 2354 703 2390 se
729 2353 819 2402 posse
855 2354 960 2389 decus
995 2353 1127 2391 infulae

368 2406 661 2445 Mediolanenfis.
688 2407 746 2442 Ad
775 2408 920 2440 Annum
956 2403 1126 2441 Christia-

368 2472 435 2496 nae
474 2458 619 2494 Salutis·
649 2459 726 2493 XC.
769 2457 913 2490 Oldanae
956 2456 1159 2492 Familiae*

369 2509 514 2546 sanstus
535 2508 767 2546 Castritianus
788 2505 1017 2543 adscribitur:
1043 2510 1122 2542 Bur·
1158 2524 1159 2527 ¹

370 2573 422 2597 rae
461 2557 607 2598 sanstus
646 2562 776 2599 Monas
820 2558 863 2595 ad
898 2559 1046 2595 Annum
1081 2560 1128 2596 G-

1226 1239 1354 1275 nobilis
1373 1240 1543 1274 Familiae
1562 1240 1669 1274 Lime
1684 1241 1882 1288 catalogum
1899 1252 1984 1275 con-

1227 1288 1451 1325 fidentiffime
1486 1289 1613 1329 infert,
1651 1288 1719 1325 fine
1755 1290 1885 1325 tabulis
1913 1302 1986 1326 rem

1226 1341 1314 1376 adeo
1347 1350 1519 1376 remotam
1560 1340 1759 1376 affirmans.
1799 1340 1856 1376 Sic
1898 1340 1988 1387 apud

1227 1390 1459 1427 Caelestinum
1475 1392 1692 1438 Bergomatis
1709 1390 1884 1426 Historiae
1896 1391 1989 1426 scri-

1229 1450 1384 1486 ptorem,
1414 1440 1644 1488 Ugbellium,
1671 1442 1706 1474 8<
1732 1441 1843 1483 alios,
1869 1442 1990 1482 Castul-

1227 1492 1330 1525 lmnea
1367 1490 1517 1525 Familia
1547 1489 1807 1537 Tachipaldum
1844 1490 1990 1535 Episco-

1231 1554 1311 1589 pum
1341 1542 1585 1588 Bergomatem
1615 1541 1655 1576 ad
1686 1544 1829 1576 Annum
1855 1540 1992 1577 Christi

1233 1593 1429 1628 Dcccxl.
1457 1591 1625 1627 ostentat:
1666 1592 1799 1635 Calepr'a
1827 1592 1992 1626 Garibal-

1229 1643 1310 1678 dum
1354 1645 1457 1677 Anno
1495 1643 1782 1678 DCCCLXVH.
1824 1642 1992 1676 caramala

1236 1694 1462 1729 Adelbertum
1505 1695 1612 1728 Anno
1666 1694 1988 1728 DCCCLxxxv„

1233 1746 1402 1792 Reliquos
1429 1754 1605 1790 praetereo
1641 1743 1766 1778 veteris
1799 1742 1877 1778 aevi
1906 1742 1991 1791 Epi-

1233 1795 1373 1843 scopos‚
1404 1808 1492 1842 quos
1530 1808 1599 1830 non
1637 1793 1776 1829 meliori
1814 1793 1925 1828 titulo
1951 1793 1990 1828 in

1232 1845 1371 1882 censum
1412 1845 1600 1881 illustrium
1645 1844 1872 1879 Familiarum
1912 1843 1992 1879 aevi

1234 1896 1337 1933 nostri
1366 1895 1510 1943 quidam
1539 1895 1717 1935 inferunt,
1752 1896 1856 1942 quan
1886 1893 1993 1930 nostri

1233 1948 1322 1983 olim
1350 1946 1569 1982 Mutinenses
1591 1946 1627 1981 in
1652 1946 1883 1988 Ralcharinam
1910 1957 1992 1993 gen-

1235 2008 1304 2034 tem
1337 1998 1570 2046 pertraxerint
1608 1996 1770 2032 Sanfi’tum
1809 1997 1993 2031 Geminia-

1235 2062 1348 2088 num‚
1386 2048 1498 2085 Urbis
1536 2048 1667 2083 nostrae
1707 2049 1921 2089 patronum,
1957 2045 1992 2080 &

1236 2100 1376 2136 circiter
1404 2102 1550 2135 Annum
1578 2099 1829 2135 cccxcvll.
1854 2109 1872 2131 e
1899 2094 1993 2130 vivis

1235 2151 1431 2185 sublatum:
1460 2163 1564 2196 quam
1594 2147 1814 2197 magnificam
1852 2147 1991 2181 laudem

1235 2201 1347 2236 eidem
1391 2200 1561 2235 Familiae
1601 2210 1817 2245 nequaquam
1854 2197 1992 2232 turbare

1236 2251 1312 2287 sunt
1340 2249 1407 2286 ausi
1435 2249 1687 2299 SillingarduS,
1716 2247 1930 2296 Ughellius,
1956 2247 1993 2282 ὃς

1236 2302 1322 2338 alii.

1287 2355 1367 2397 Age
1392 2354 1477 2387 vero
1503 2351 1573 2400 jam
1601 2349 1836 2397 perconteris:
1865 2348 1887 2383 si
1916 2347 1996 2383 Co·

1211 2418 1213 2423 ·
1236 2403 1462 2453 gnominibus
1488 2415 1624 2438 caruere
1646 2401 1726 2437 [tali
1757 2400 1907 2436 Saeculis
1934 2411 1995 2435 ru·

1236 2455 1415 2493 dioribus,
1440 2463 1547 2501 atque
1572 2466 1642 2488 uno
1669 2453 1804 2487 tantum
1834 2449 1994 2487 Nomine

1236 2506 1263 2541 ii
1291 2506 1500 2544 utebantur,
1525 2504 1607 2552 quei
1635 2504 1723 2539 alter
1749 2503 1790 2537 ab
1820 2503 1928 2536 altero
1955 2513 1993 2535 e-

1237 2556 1369 2606 jusdem
1397 2554 1566 2593 Nominis
1592 2565 1677 2591 tunc
1698 2548 1993 2600 distinguebatur?

1803 2602 1843 2640 &
1869 2601 1953 2651 quei.
