2216 3100
389 225 469 268 395

725 206 1103 266 ANTJQUJT.
1134 204 1348 249 MEDII
1376 205 1538 247 ARV]

1814 217 1893 263 396

325 270 503 306 neceffitas
539 266 729 316 aliquando
765 266 936 304 invexiffe
964 266 1077 303 videa·
1123 270 1163 303 A<
1189 276 1294 312 gnum
1337 276 1376 299 ac
1417 264 1556 301 fortuna
1596 264 1632 301 in
1675 263 1781 301 Italia
1821 267 1916 302 stetit
1939 294 1949 310 ,

325 331 404 365 tur,
431 329 588 357 attamen
608 318 908 368 progredientibus
929 318 1059 353 Seculis
1072 344 1094 369 ’,

325 370 364 408 &
392 371 504 407 nostro
532 370 754 416 praesertim,
782 368 991 418 improbitas
1019 368 1082 403 ho-

324 424 462 463 minum
478 450 488 464 .
514 422 548 457 &
575 422 718 469 quidam
747 421 838 456 male
865 419 1008 454 feriatus
1029 431 1078 454 ar-

323 473 407 514 dor,
423 472 542 509 eadem
559 472 737 508 instituere
752 469 954 506 consuevit.
973 471 1080 505 Nem-

323 537 366 573 pe
408 524 447 559 in
487 522 581 558 sacro
627 523 767 557 lavacro
817 520 915 557 suum
957 521 1083 567 cuique

327 576 469 611 Nomen
519 574 793 622 imponebatur:
846 570 901 606 sed
951 569 1083 617 saepius

325 625 548 673 praevalebat
591 624 741 659 alterum
785 624 949 660 Nomen,
989 621 1083 668 quod

325 685 385 712 aut
412 684 492 711 ante
520 674 738 723 Baptismum
756 697 768 713 ,
795 682 855 708 aut
883 671 994 721 postea
1021 671 1083 707 do-

324 725 490 770 mestici,
531 725 711 765 vicinive‚
751 737 793 760 ex
835 722 983 758 arbitrio
1024 721 1083 757 suo

324 776 453 812 invitis
495 777 699 824 pierumque
735 772 939 809 hominibus
976 785 1084 821 appo-

324 828 476 862 nebant.
519 825 698 868 Hooesta,
741 823 879 866 fateor,
914 824 949 858 δε
985 831 1083 871 grata

323 891 367 913 ex
409 875 453 911 iis
494 887 658 923 perquam
702 875 812 908 multa
854 872 980 920 fuere3
1027 872 1082 907 sed

325 939 394 961 non
436 938 542 973 pauca
581 922 854 972 vituperationis
898 923 932 956 &
969 921 1079 956 scom-

325 975 430 1012 matis
466 974 614 1022 speciem
652 971 864 1009 referebant.
892 974 952 1007 An
989 971 1079 1006 anti—

323 1028 386 1076 qui
423 1025 674 1075 Langobardi,
710 1023 820 1059 donec
853 1034 975 1058 eorum
1015 1024 1078 1058 Re-

1189 314 1281 350 hisce
1305 313 1468 349 ludibriis
1488 315 1762 356 delegiarentur,
1790 317 1946 353 nondum

1189 364 1422 413 deprehendi.'
1464 364 1571 401 Ultra
1607 367 1702 402 enim
1739 368 1845 416 quam
1873 381 1948 403 cre-

1190 416 1309 455 ditur,
1346 414 1520 463 quidquid
1549 417 1761 454 Nobilitatis
1789 420 1947 454 colorem

1189 466 1322 502 laedere
1365 475 1501 514 poterat
1525 494 1536 511 ,
1576 466 1634 503 ini
1674 468 1947 519 aversabantur;

1191 530 1302 565 neque
1319 515 1456 552 fortasse
1476 516 1660 564 quisquam
1683 520 1858 556 tolerafl'et
1879 521 1954 570 eju-

1192 567 1303 604 smodi
1348 567 1506 603 Nomina
1532 595 1543 611 ,
1583 567 1605 603 si
1647 569 1789 606 disten-ii
1829 581 1952 606 notam

1190 617 1456 666 importass'ent.
1494 620 1627 654 Verism
1672 618 1732 655 sub
1771 621 1952 656 Carolinis

1189 668 1393 704 Caesaribus
1419 695 1429 712 ,
1475 682 1514 704 ac
1560 669 1685 706 deinde
1735 669 1951 718 frequentius

1192 718 1252 754 sub
1282 719 1434 767 Regibus
1471 719 1713 767 subsequaris,
1751 724 1871 757 eadem
1899 723 1954 757 A-

1191 770 1358 818 gnomina
1399 771 1437 805 in
1477 769 1537 805 usu
1576 770 1674 807 fuiffe
1715 771 1952 820 deprehendi.

1193 822 1273 855 Duo
1301 821 1438 855 tantum
1465 822 1626 869 exempla
1657 821 1761 858 instar
1787 822 1950 858 omnium

1192 869 1282 905 mihi
1308 879 1429 905 erunt.
1459 872 1614 907 Primum
1636 871 1792 921 descripsi
1814 886 1857 909 ex
1883 875 1953 908 Ar-
1991 916 1994 917 ⁷

1192 919 1299 953 chivo
1326 919 1560 965 antiquiffimi
1598 921 1804 958 Monasterii
1832 923 1952 959 saneti

1192 968 1344 1004 Zenonis
1373 969 1600 1013 Veronensis,
1628 971 1689 1006 ubi
1716 973 1887 1009 vetustum
1915 988 1952 1008 a-

1193 1018 1410 1068 pographum
1439 1018 1666 1065 adservatur,

322 1140 576 1197 Berengarius
608 1145 638 1183 Ι.
670 1142 760 1181 Rex
795 1137 1052 1181 Curticeilam
1096 1136 1294 1194 Johanni,
1325 1134 1386 1178 cui
1418 1139 1688 1179 Bracca-curta
1730 1140 1959 1193 agnomen,⁴

499 1198 741 1242 infideiitatis
772 1199 961 1239 damnato
990 1198 1190 1240 ademtam
1222 1197 1343 1238 donat
1377 1195 1617 1237 Monasterio
1648 1196 1779 1238 Sanffi

825 1256 995 1298 zenonis
1030 1255 1284 1308 Veronensis,
1315 1255 1436 1295 Anno
1466 1268 1567 1309 905.

373 1387 408 1419 N
445 1384 567 1418 nomine
607 1379 826 1428 ornnIporensis
867 1379 931 1414 Dei
969 1378 1085 1414 eterni.
1123 1378 1156 1415 C

400 1432 625 1481 Berengarius
663 1432 782 1466 divina
821 1430 986 1465 ordinante
1026 1430 1086 1463 ele-

323 1490 442 1520 mentia
469 1487 565 1521 Rex.
592 1483 680 1528 Quia
700 1482 799 1527 sacris
827 1482 870 1515 (9‘
892 1478 1085 1514 venerabili-

324 1537 381 1571 bus
407 1536 480 1569 locis
503 1534 688 1581 temporalia
711 1532 811 1579 Regie
835 1530 994 1577 dignitati
1017 1543 1084 1564 con-

321 1586 404 1630 ferre
433 1584 577 1629 subsidia
612 1583 779 1625 convenis,
806 1582 918 1616 ideirco
951 1581 1088 1615 omnium

316 1634 466 1681 fidelium
490 1635 599 1677 [αηέῖσ
625 1633 689 1668 Dei
723 1632 877 1673 Ecclesie,
904 1632 1088 1673 nostrorum-

324 1698 382 1733 que
406 1686 594 1733 presencium
621 1683 735 1726 [cilicet
760 1696 796 1718 ac
820 1683 997 1726 futurorum
1033 1694 1087 1716 no-

323 1737 410 1771 verit
428 1736 573 1781 sollercia
585 1734 809 1783 ,johannem
836 1734 1021 1780 quemdam,
1041 1731 1091 1767 cui

326 1786 399 1822 alio
426 1789 569 1822 nomine
600 1787 843 1821 Bracca-curta
870 1784 1088 1822 vocitabatur,

326 1837 424 1879 nostre
457 1838 533 1871 olim
562 1835 724 1880 fidelitati
758 1834 928 1881 offensum,
955 1833 991 1868 in
1026 1845 1114 1880 qna=

326 1888 423 1922 etiam
439 1890 612 1933 perdurans
633 1885 859 1930 comprehensus
882 1884 924 1927 est
944 1885 987 1918 (9²
1005 1884 1083 1916 mul-

326 1948 414 1974 tatus
430 1962 440 1977 ‚
481 1939 570 1981 eujus
612 1949 679 1975 res,
720 1935 876 1981 omnisque
910 1933 1089 1979 substantia

326 1989 426 2035 legali
458 1987 579 2033 judicio
614 1987 710 2028 nostre
730 1987 799 2030 fuit
834 1985 950 2019 ditioni
978 1983 1086 2029 subje-

327 2038 406 2074 cqa:
431 2037 493 2085 qui
521 2037 580 2073 suo
610 2037 697 2085 Regi
725 2036 769 2072 est
796 2035 974 2079 infidelis,
1002 2048 1086 2070 con—

326 2088 465 2129 νίὃὶιιε,
487 2088 583 2133 juxta
604 2089 756 2131 sancitam
784 2091 918 2134 Legem,
938 2099 990 2121 res
1015 2085 1088 2134 ejus

328 2139 555 2179 infiscentur,
577 2138 613 2175 &
636 2139 752 2174 anime
772 2137 828 2173 sue
850 2137 1006 2173 incurrat
1030 2149 1086 2183 pe-

327 2189 477 2226 riculum
491 2217 500 2225 .
521 2193 585 2225 Nos
605 2193 678 2224 vero
702 2189 814 2223 divino
833 2201 933 2223 amore
953 2185 1087 2228 accensi,

323 2241 522 2288 precibusque
546 2239 722 2288 Conjugis
747 2238 857 2274 nostre
884 2238 1016 2273 Bertile
1036 2237 1084 2271 in-

326 2292 439 2327 clinati
458 2315 467 2329 ‚
494 2295 653 2335 quandam
688 2290 910 2333 Corsicelhm,
936 2301 994 2334 que
1017 2286 1088 2333 jam

325 2341 412 2377 dielo
439 2341 565 2386 infideli
599 2341 697 2384 nostro
718 2340 804 2384 fuit,
832 2340 876 2373 (J
899 2338 1001 2385 poslea
1027 2351 1081 2372 no-

320 2392 383 2435 slre
406 2392 550 2439 potestati
575 2393 720 2438 legaliter
744 2390 879 2426 advenis
893 2413 903 2429 ‚
925 2389 1020 2430 sitam
1047 2389 1082 2423 in

325 2444 415 2477 Villa
440 2443 552 2482 Prsia,
575 2456 632 2489 que
656 2441 832 2477 Donasoria
853 2450 1007 2481 vocatur,
1034 2438 1080 2476 ⁴&

322 2494 440 2534 Silva,
475 2507 534 2541 que
566 2503 696 2529 wearur
729 2495 890 2539 Carpene,
916 2492 960 2525 da
993 2489 1082 2534 eujus

314 2545 401 2589 fines
421 2545 499 2590 June
525 2558 561 2579 ex
586 2556 648 2579 uno
679 2543 778 2590 capite
802 2541 1007 2586 Nocirulam,
1033 2539 1080 2580 &⁴

1197 1391 1233 1412 ex
1252 1376 1316 1412 alio
1333 1376 1434 1423 capite
1457 1375 1551 1422 Fvffa
1563 1400 1573 1416 ‚
1593 1388 1649 1423 que
1673 1386 1870 1420 nuncupatur
1892 1379 1956 1411 Po-

1197 1441 1333 1470 rnanon,
1362 1440 1399 1459 cx
1423 1439 1484 1460 uno
1519 1427 1616 1460 latere
1641 1428 1802 1472 Agricia,
1829 1440 1865 1460 ex
1893 1426 1956 1460 alio

1197 1477 1393 1511 Cor-volatu:
1416 1486 1472 1520 pro
1498 1475 1628 1510 remedio
1651 1476 1755 1509 anime
1779 1475 1897 1519 nostre,
1922 1487 1958 1510 ae

1194 1525 1389 1574 precefforum
1414 1525 1602 1569 nostrorum,
1627 1526 1819 1568 Monalierio
1841 1525 1958 1570 heusis-

1190 1577 1266 1619 simi
1293 1575 1480 1620 Pontifieis,
1507 1576 1684 1622 Christique
1708 1576 1846 1611 Zenonis
1872 1579 1958 1610 Con-

1191 1626 1335 1674 fxfforis,
1362 1628 1417 1662 ubi
1443 1626 1509 1671 ejus
1537 1629 1656 1673 Corpus
1682 1627 1842 1661 humatum
1869 1627 1958 1673 quie-

1191 1679 1274 1724 fiis‚
1297 1689 1353 1724 per
1379 1676 1475 1721 hujus
1501 1677 1596 1719 nostri
1619 1678 1758 1723 Precepsi
1781 1677 1957 1723 paginam,

1196 1730 1240 1765 ad
1265 1728 1352 1773 usum
1379 1728 1422 1762 (9‘
1448 1728 1648 1773 necqffitatem
1675 1728 1900 1763 Monacborum
1926 1728 1957 1762 i-

1197 1779 1266 1815 nibi
1302 1781 1368 1814 Deo
1403 1778 1615 1813 militantium
1648 1777 1719 1823 jure
1751 1778 1956 1826 proprietario

1196 1830 1384 1865 concedimus
1399 1856 1410 1873 ,
1437 1829 1481 1863 θ
1506 1842 1544 1863 ex
1579 1828 1699 1875 integro
1727 1833 1957 1876 perdonamus,

1196 1894 1262 1916 cum
1288 1879 1364 1922 casis
1393 1879 1564 1918 videlicet,
1591 1892 1663 1914 man
1678 1892 1706 1913 ts
1723 1905 1733 1922 ‚
1760 1880 1849 1914 serris
1863 1903 1874 1919 ‚
1900 1879 1957 1914 vi-

1196 1932 1283 1974 neis,
1320 1930 1461 1977 campis,
1495 1929 1620 1976 pratis,
1656 1929 1804 1974 pascuis,
1835 1929 1960 1971 silvis,

1189 1981 1342 2026 saled‘lis,
1369 1981 1459 2028 aquis
1476 2008 1486 2025 ‚
1513 1993 1723 2028 aquarumque
1755 1981 1954 2023 decursibus,

1193 2030 1418 2079 piscationibus
1434 2058 1445 2075 ,
1492 2031 1677 2066 molendinis
1693 2058 1704 2076 ‚
1752 2030 1927 2066 redditibus
1942 2055 1954 2073 ,

1196 2083 1306 2117 Servis
1341 2082 1499 2129 utriusque
1531 2082 1622 2127 sexus
1638 2109 1649 2126 ,
1684 2081 1884 2118 Aldionibus
1920 2093 1955 2116 ac

1196 2133 1379 2176 Aldianis‚
1407 2132 1586 2176 montibus,
1621 2132 1839 2179 planiciebus,
1865 2131 1956 2166 divi-

1191 2184 1226 2229 so
1252 2184 1296 2222 εἴ)
1325 2196 1385 2217 non
1411 2183 1538 2227 diviso,
1560 2183 1670 2226 sortito
1705 2182 1751 2220 &
1779 2196 1838 2218 non
1861 2181 1956 2226 sorti-

1198 2244 1252 2277 n,
1279 2233 1440 2268 arboribus
1473 2232 1631 2278 pomiferis
1667 2232 1709 2266 Ο·
1742 2232 1957 2279 inpomiferis,

1130 2285 1158 2319 E
1193 2285 1249 2330 seu
1271 2297 1337 2317 cum
1357 2283 1497 2318 omnibus
1521 2284 1565 2318 ad
1587 2285 1715 2317 eandem
1735 2285 1861 2317 Curtem
1882 2293 1955 2329 per-

1198 2333 1393 2373 tinentibus,
1420 2347 1478 2381 que
1512 2333 1576 2367 dici
1611 2342 1667 2367 aut
1703 2333 1860 2368 nominari
1883 2333 1955 2376 pos-

1194 2386 1288 2431 sunt,
1314 2385 1347 2419 in
1370 2384 1440 2431 jam
1462 2384 1546 2419 α’ίέῖο
1571 2383 1761 2426 ,Mamaslerio
1784 2383 1866 2419 beati
1890 2386 1953 2418 Ze—

1199 2434 1288 2470 nonis
1321 2435 1476 2482 largimur
1510 2435 1552 2469 θ
1586 2436 1625 2469 a'e
1660 2434 1757 2477 nostro
1779 2435 1879 2480 jure,
1905 2433 1952 2471 θ’

1198 2488 1346 2522 donamus
1373 2488 1407 2520 in
1431 2484 1499 2531 ejus
1522 2484 1577 2530 jus
1605 2485 1648 2518 Θ·
1671 2485 1865 2526 dominium,
1888 2497 1953 2519 mo-

1168 2527 1173 2586 !
1198 2537 1250 2573 dis
1284 2535 1426 2572 omnibus
1459 2536 1733 2582 transfundimus,
1770 2537 1812 2571 Θ
1845 2546 1953 2582 perpe-

1818 2585 1902 2621 mali
