2216 3100
285 247 363 288 145
556 227 857 271 DISSERTAJ
866 230 920 271 1⁷0
952 225 1484 276 TRIGESJMAOCFAVA
1496 238 1507 272 ζ
1704 240 1787 287 146

222 290 285 337 qui
311 293 345 325 5„
371 288 508 330 E‘ckfiss
531 286 647 322 ,ςάηὲἱί
669 286 833 330 Johannis
860 288 976 334 Bapti-
998 289 1046 324 vA
1084 284 1232 321 tiaretur
1251 311 1261 320 .
1301 286 1548 322 Contendente
1589 290 1715 337 Populi
1759 292 1842 326 Flo-

216 341 286 384 stae
310 341 354 375 ad
378 342 512 374 Domum
528 364 538 379 ,
574 339 617 371 ad
642 339 770 370 Crucem
801 336 951 378 steterunt
966 363 975 372 .

221 392 328 426 Ambo
353 391 393 424 ab
420 388 554 422 Introitu
582 385 700 432 Miffae
725 387 818 432 usque
844 388 888 420 ad
914 400 975 420 me-

220 441 308 475 diam
350 439 520 482 Paffionem
563 436 733 481 secundam
773 438 976 471 matthaeum

221 488 411 524 constantes
450 486 647 534 perstitere.
685 489 780 522 Tum
819 500 905 522 unus
932 501 975 522 ex

219 538 264 574 iis
292 538 391 573 laffus
419 537 452 571 in
479 548 592 571 terram
619 538 708 571 vtlut
734 538 884 570 exanimis
911 550 973 571 cor-

217 588 303 623 mit.
340 591 438 623 Amr
472 587 619 634 pacificus
648 586 809 633 (fortasse
851 586 969 622 Pacifi-

218 650 276 673 cus
305 637 472 683 nornine)
500 639 592 684 usque
625 641 669 671 ad
697 636 797 680 finem
823 637 975 681 Paffionis

210 688 322 731 stetit,
349 688 415 723 hoc
435 688 480 723 est
503 687 687 723 &Roriam
716 687 858 722 retulit.
884 689 969 734 Nol!

215 739 290 773 lum
319 738 402 773 hinc
428 751 532 786 grave
559 738 722 772 damnum
752 739 788 772 in
816 737 974 773 devifflos
998 736 1052 770 *B*

215 786 352 823 fluxisse
383 789 503 827 vides,
532 787 584 823 uti
613 788 650 823 in
679 788 841 823 examine
878 789 973 837 [gnis

217 836 347 873 faaum
385 838 619 873 ostendimus.
649 840 702 873 Ac
741 838 884 885 proinde
922 841 972 874 nil

215 888 370 929 mirum,
397 888 419 923 si
448 889 595 924 Carolus
623 890 773 936 Magnus
801 888 838 924 in
870 889 971 925 Divi-

216 937 309 974 fione
360 941 558 987 Regnorum
601 938 692 974 inter
734 939 827 974 filios
870 940 971 985 suos,

214 990 336 1024 Tomo
378 989 514 1037 primo,
551 1002 626 1037 pag.
663 1002 748 1034 444.
788 990 968 1035 Capitula·

215 1039 305 1074 rium
327 1063 337 1078 ‚
367 1040 537 1083 judicium
572 1040 678 1072 Crucis
717 1039 875 1086 selegerit
894 1067 902 1079 ,
930 1041 971 1075 ad

215 1087 427 1124 definiendas
447 1087 483 1123 in
513 1087 678 1136 posterum
702 1089 971 1133 controversias,

217 1151 305 1186 quae
332 1138 426 1174 inter
451 1138 586 1174 eosdem
616 1139 852 1174 suborirentur
869 1167 879 1182 ‚
921 1154 973 1174 nec

214 1202 359 1235 nmquam
384 1199 439 1232 pro
465 1189 526 1222 tali
551 1188 642 1228 causa
667 1188 833 1230 cujustibet
848 1190 969 1234 generis

211 1248 321 1284 pugna
359 1239 413 1271 vel
457 1247 581 1280 campus
624 1238 667 1270 ad
712 1239 971 1271 examinationem

210 1287 390 1334 judicetur.
415 1286 492 1321 Erit
521 1285 609 1321 mihi
635 1285 725 1321 infra
746 1288 782 1322 in
805 1287 969 1333 peculiari

214 1337 464 1373 Differtatione
505 1336 615 1372 sermo
650 1339 688 1370 de
728 1348 861 1381 campo,
904 1337 969 1373 hoc

214 1387 258 1423 est
284 1390 321 1422 de
351 1388 487 1422 Duello.

262 1438 399 1474 Interea
437 1436 652 1481 judiciorum
695 1436 816 1473 seriem
858 1439 951 1473 absol

213 1500 317 1527 vam,
343 1487 601 1523 famosissimum
631 1500 709 1535 prae
736 1488 859 1523 ceteris
883 1488 966 1524 refe—

212 1551 290 1574 rens
316 1538 432 1581 illud,
468 1538 561 1585 quod
597 1538 747 1577 transitus
783 1549 835 1580 per
861 1540 968 1586 Ignem

211 1588 302 1624 mihi
329 1588 580 1637 appellabitur.
607 1588 691 1635 Ejus
719 1588 860 1637 vestigia
889 1598 968 1625 ante

210 1640 355 1674 Annum
394 1652 412 1673 a
439 1637 578 1674 Christo
614 1647 701 1673 nato,
735 1638 965 1675 Millefimurn

210 1687 247 1724 in
274 1688 468 1724 Occidente
503 1701 573 1723 non
611 1687 782 1723 invenio.
814 1692 862 1724 At
894 1689 965 1726 Ce-

209 1738 332 1774 drenus
361 1738 420 1774 sub
449 1737 623 1774 Anastasio
658 1740 869 1779 Imperatore
899 1741 963 1776 cir-

210 1788 298 1824 citer
327 1791 469 1824 Annum
499 1791 597 1824 DVI.
625 1788 746 1824 aufflor
772 1790 816 1824 est
834 1818 842 1831 ,
881 1791 964 1839 Epi-

208 1837 348 1886 scopum
377 1839 625 1875 Orthodoxum
647 1840 783 1875 Ariano
813 1841 899 1876 hanc
926 1841 963 1877 in

210 1889 355 1923 Oriente
379 1890 541 1924 obtulisse
561 1889 824 1934 conditionem,
852 1902 887 1925 ut
910 1902 966 1938 per

208 1940 341 1985 Ignem,
368 1938 455 1981 cujus
481 1938 551 1984 effct
578 1940 675 1973 Fides
700 1941 824 1980 verior,
851 1944 962 1986 proba-

206 1999 314 2025 retur.
343 1989 516 2032 Recusant:
537 1989 638 2033 facere
663 1991 812 2030 Adane,
852 1993 963 2026 Ortho-

208 2040 305 2074 doxus
325 2039 448 2074 intrans
471 2050 527 2083 per
546 2041 669 2086 ignem,
697 2041 820 2084 illaesus
841 2043 962 2078 exivit.

209 2091 244 2125 A
284 2090 448 2133 Graecis,
485 2100 524 2125 ut
559 2103 656 2128 reor,
692 2089 842 2126 didicere
880 2092 963 2129 Itali

207 2140 280 2188 post
307 2141 446 2187 aliquot
473 2141 592 2175 Secula
620 2140 789 2187 ejusmodi
827 2142 961 2189 experi-

208 2199 330 2226 mento
368 2190 421 2226 uti
464 2191 505 2226 ad
548 2190 744 2238 Religionis
785 2193 962 2238 tutelam,

207 2253 245 2276 ac
283 2241 464 2288 praecipue
499 2241 540 2276 ad
583 2241 841 2277 convincendos
877 2243 962 2291 Epi-

208 2290 327 2339 scopus
355 2290 533 2327 Simoniae
559 2291 758 2327 accusatos.
794 2292 959 2329 Celeber-

207 2341 315 2377 rimus
346 2342 409 2376 hac
437 2343 478 2376 de
505 2341 602 2377 causa
630 2341 736 2378 evasit
763 2347 875 2377 Penus
901 2357 960 2379 co-

209 2402 399 2439 gnomento
414 2395 526 2439 Igneus
538 2421 548 2437 ,
569 2392 852 2430 vallumbrosani
869 2396 959 2430 Coe-

206 2441 306 2476 nobii
332 2442 553 2487 Monachus,
589 2443 713 2491 dignus
750 2444 812 2492 qui
848 2445 960 2492 postea

208 2489 343 2526 sanetae
380 2495 556 2529 Romanae
591 2493 761 2529 Ecclesiae
788 2495 960 2531 Can-dina-

208 2540 252 2575 lis
287 2540 324 2576 ὃ(
362 2542 551 2589 Episcopus
587 2544 793 2580 Albanenfis
833 2558 957 2581 renun-

304 2595 392 2627 Tom.
421 2595 510 2627 VIII.

1004 1183 1038 1219 C

1085 335 1218 371 rentini
1260 345 1384 384 parte,
1421 337 1618 382 Theuzonem
1657 341 1842 385 Episcopum

1085 385 1270 421 simoniace
1298 384 1540 434 Episcopalem
1571 386 1766 424 cathedram
1801 390 1842 425 si-
1894 420 1897 424 .

1084 436 1120 471 bi
1141 435 1336 482 quaesiisse,
1356 436 1496 484 gemina
1519 436 1694 484 lignorum
1718 438 1841 484 strues,

1083 486 1201 521 saneti
1253 486 1420 530 Johannis
1462 486 1647 522 Gualberti
1689 490 1841 526 Abbatis

1083 536 1191 584 jussu,
1219 538 1327 572 Anno
1355 539 1552 572 MvaH.
1580 537 1698 585 paucis
1719 552 1736 573 a
1758 541 1844 575 Flo-

1081 586 1194 622 rentia
1223 587 1376 635 passuum
1404 588 1564 622 millibus
1592 597 1731 635 paratur
1749 616 1758 632 ‚
1786 603 1841 626 re-

1081 636 1168 671 lim
1192 636 1231 672 in
1258 637 1375 672 medio
1403 637 1524 672 semita
1552 638 1653 673 unius
1683 639 1837 680 brachii,

1081 699 1141 734 per
1166 700 1270 734 quarn
1299 688 1407 722 homo
1434 687 1574 723 transire
1611 689 1738 736 posset.
1768 692 1840 726 Ar-

1079 738 1218 772 dentem
1247 751 1369 785 rogum
1400 739 1520 773 Petrus
1552 740 1747 788 intrepidus
1783 741 1841 776 in-

1080 794 1149 822 trat
1167 814 1176 831 ‚
1203 788 1342 824 illaesus
1379 787 1472 823 inter
1499 787 1656 824 flammas
1684 799 1840 837 pertran-

1081 836 1147 877 fit,
1174 839 1208 872 δε
1236 838 1447 885 Episcopum
1486 838 1553 874 hoc
1591 840 1753 889 prodigio
1781 854 1842 877 ve-

1081 887 1148 922 luti
1188 889 1323 924 caelesti
1358 902 1443 924 voce
1480 889 1684 925 convifilum
1722 902 1843 928 extru—

1080 938 1230 974 dendum
1259 939 1428 975 ostendit.
1467 942 1553 975 Rem
1590 940 1839 980 fuse‘narrant

1082 987 1174 1023 AS'ta
1201 989 1319 1024 SanE'ti
1346 990 1513 1033 johannis
1540 991 1725 1027 Gualberti
1745 1019 1753 1031 ,
1781 995 1842 1036 Jo-

1081 1038 1211 1073 hannes
1239 1041 1441 1083 Villanius,
1478 1042 1670 1085 Batonius,
1700 1041 1841 1090 Ughel-

1082 1089 1178 1127 lius,
1209 1087 1246 1124 &
1275 1089 1363 1125 alii.
1401 1093 1525 1137 Neque
1560 1092 1691 1127 minori
1729 1093 1840 1129 famae

1081 1139 1284 1174 celebritate
1312 1153 1370 1187 per
1397 1142 1538 1176 Italiam
1566 1141 1749 1186 insonuit,
1768 1147 1839 1186 Ju-

1079 1189 1197 1222 dissum
1234 1191 1349 1235 Ignis,
1391 1191 1484 1237 quod
1522 1191 1719 1239 Liprandus
1758 1195 1840 1229 Pre-

1079 1237 1198 1281 sbyter
1243 1239 1513 1276 Mediolanenfis
1553 1244 1661 1277 Anno
1711 1245 1838 1280 MCII.

1081 1286 1210 1329 subiit,
1250 1297 1290 1322 ut
1327 1290 1526 1333 evinceret,
1567 1292 1840 1337 Grofl‘ulanum,

1080 1334 1148 1370 slve
1175 1336 1408 1382 chrysolaum
1438 1339 1750 1388 Archiepiscopum
1780 1356 1840 1390 per

1080 1386 1274 1422 Simoniam
1309 1389 1345 1422 in
1373 1388 1672 1426 Mediolanensem
1702 1390 1838 1428 Cathe-

1079 1437 1175 1472 dram
1218 1436 1371 1473 insiliisse
1394 1465 1404 1473 .
1444 1440 1561 1475 Habes
1601 1442 1838 1479 narrationem

1078 1486 1116 1522 in
1158 1487 1288 1523 Histor.
1337 1488 1591 1526 Mediolanensi
1634 1493 1837 1538 Landulphi

1079 1537 1227 1585 junioris
1254 1537 1344 1587 Cap.
1372 1539 1532 1579 decimo,
1561 1554 1635 1590 pag.
1655 1545 1741 1588 481.
1763 1545 1838 1578 To-

1078 1588 1128 1623 mi
1158 1591 1201 1624 V.
1232 1591 1309 1624 Rer.
1338 1589 1491 1625 italicar.
1525 1604 1629 1638 quam
1658 1593 1835 1630 consulere

1079 1649 1198 1687 potes.
1239 1641 1411 1674 Attamen
1452 1653 1522 1677 non
1564 1651 1635 1676 tam
1678 1644 1836 1690 prospere

1077 1702 1128 1724 res
1168 1689 1231 1724 illa
1273 1689 1453 1737 proceffit,
1496 1700 1533 1727 ut
1575 1691 1708 1741 integra
1748 1693 1832 1729 fides

1079 1739 1241 1788 prodigio
1277 1740 1478 1776 accederet.
1516 1744 1608 1777 Nam
1647 1743 1698 1778 uti
1739 1746 1836 1780 Lan-

1077 1789 1226 1837 dulphus
1253 1789 1289 1824 in
1312 1791 1384 1838 ejus
1405 1790 1663 1828 excusationem
1690 1793 1833 1832 scribit.

1076 1842 1151 1886 quia
1178 1840 1262 1886 ignis
1291 1853 1416 1874 manum
1444 1842 1644 1889 Presbyteri,
1671 1844 1706 1877 in
1730 1844 1832 1890 proji-

1076 1891 1180 1924 ciendo
1207 1903 1320 1936 aquam
1341 1890 1388 1928 (φ’
1414 1891 1570 1939 incensum
1590 1894 1684 1940 super
1710 1894 1832 1941 ignem,

1075 1940 1197 1983 lacfi5;
1223 1940 1268 1978 &⁶
1305 1942 1380 1987 quia
1413 1952 1467 1986 pes
1501 1945 1571 1989 eqm'
1598 1944 1762 1988 Jobanm's
1796 1947 1836 1980 de

1075 1991 1212 2026 Rhaude
1237 1993 1355 2026 nudam
1376 1994 1552 2040 Presbyteri
1576 1996 1682 2040 pedem
1702 1997 1738 2029 de
1761 1995 1832 2042 igne

1073 2041 1213 2075 exeuntis
1239 2042 1316 2076 dure
1341 2043 1502 2077 calcavit:
1536 2044 1632 2079 turba
1666 2046 1763 2086 trinis
1791 2050 1830 2081 de

1073 2091 1143 2135 casu
1169 2090 1215 2128 &¹
1242 2092 1336 2127 ruina
1362 2092 1537 2140 Groffolam'
1552 2119 1563 2134 ,
1605 2095 1639 2130 t'n
1666 2099 1831 2145 Presbyte-

1073 2154 1141 2175 rum
1180 2142 1224 2175 (9¹
1263 2142 1331 2188 ejus
1369 2145 1466 2191 legem
1503 2145 1568 2191 post
1608 2157 1718 2190 paucos
1763 2148 1830 2182 dies

1066 2191 1308 2238 scandalizavit
1352 2193 1424 2232 &c-
1469 2196 1651 2245 Ambiguo
1700 2197 1828 2243 pariter

1072 2241 1246 2290 similique
1286 2243 1432 2281 successu
1461 2259 1479 2281 a
1509 2248 1612 2282 Petro
1641 2248 1827 2283 Bartholo-

1072 2306 1171 2328 maeo
1205 2293 1284 2329 rudi
1320 2295 1462 2331 Clerico
1497 2305 1630 2333 tentata
1658 2298 1702 2333 est
1737 2298 1825 2344 Ignis

1070 2342 1210 2380 fortuna
1237 2344 1275 2380 in
1302 2346 1528 2393 expeditione
1565 2348 1824 2394 Hierosolymi-

1070 2402 1151 2429 tana
1177 2395 1286 2431 Anno
1324 2398 1537 2432 MXCVIII.
1576 2408 1613 2433 ut
1650 2400 1824 2433 Lanceam

1069 2457 1088 2479 a
1124 2443 1156 2480 se
1191 2445 1373 2482 inventam
1411 2448 1625 2483 Antiochiae
1664 2448 1824 2494 probaret

1068 2494 1168 2530 illam
1196 2496 1261 2532 effe
1279 2523 1289 2540 ,
1317 2511 1403 2545 quae
1431 2499 1520 2532 latus
1548 2497 1736 2532 Salvatoris
1761 2511 1826 2535 no-

1068 2545 1123 2581 stri
1165 2557 1362 2591 aperuerat.
1402 2551 1462 2582 Per
1503 2549 1609 2594 Ignem
1649 2548 1827 2594 transi-vim.

1168 2597 1202 2629 K
1656 2599 1774 2646 inquit
