2216 3100
412 223 493 262 295

355 315 415 351 bre
452 315 521 352 fuit
547 316 636 352 olim
663 329 784 352 eorum
812 331 939 354 nornen
967 331 985 353 e
1012 319 1113 353 Lite-

353 378 470 402 rarum
498 367 640 411 studiis,
669 368 891 416 multumque
909 367 1114 404 commercii

356 416 406 453 eis
434 425 507 453 erat
543 431 621 454 cum
659 419 871 465 Europaeis,
908 432 946 454 ac
984 419 1112 466 praeci-

353 480 421 517 pue
458 468 583 504 Italis.
621 469 783 504 Fortaffis
811 471 842 514 δε
873 469 914 504 ab
942 468 990 504 eis
1020 482 1113 503 acce-

354 519 472 567 pimus
502 519 613 555 varias
641 519 810 555 Versuum
841 518 968 554 formas
986 547 996 563 ,
1033 532 1116 566 quas

356 568 522 606 describit
553 570 725 619 Agapitus
754 584 771 606 a
800 570 903 605 Valle
941 571 1113 605 Flemma-

355 632 432 656 rm
476 621 599 656 ordin.
637 620 772 657 Minor.
812 621 849 657 in
897 620 1040 656 Libello
1077 620 1118 656 de

356 674 448 707 Arte
478 671 629 707 Mettica
657 673 833 708 Arabum.
863 673 1002 707 Praeter
1029 670 1116 706 alios

357 721 429 770 ejus
458 723 572 770 gentis
603 722 729 758 Libros
766 723 802 758 in
842 721 930 758 hanc
959 734 1031 758 rem
1062 735 1111 756 ce-

357 772 464 808 lebris
485 772 529 807 est
550 772 737 808 Trafitatus
763 774 865 807 Bader
883 773 1028 809 Aladini
1047 775 1113 808 Da-

359 823 514 857 mamiani
552 823 708 865 Principis
747 827 912 857 Poetarum
948 822 1037 870 apud
1071 824 1117 858 A·

359 873 480 913 rabes,
509 872 569 918 qui
598 881 756 906 accurate
784 873 825 907 de
853 872 912 908 usu
942 874 1116 918 Rhytbmo-

362 936 430 956 mm
461 921 617 966 scripsit.
656 922 827 968 Antiquis
867 925 949 957 verb
989 922 1119 957 Seculis

362 972 434 1021 post
454 972 612 1007 abas-,tum
635 985 677 1007 ex
700 972 802 1008 Italia
819 975 1032 1008 Graecorum
1052 974 1119 1006 lm·

362 1023 520 1072 perium,
549 1023 704 1058 Arabum
735 1023 895 1058 doetrina
923 1032 1023 1058 tanto
1052 1022 1122 1057 Ita-

361 1074 407 1110 lis
435 1074 472 1110 in
500 1073 632 1109 honore
668 1073 762 1113 fuit,
800 1084 839 1109 ut
875 1072 903 1108 ii
941 1073 1123 1121 praecipue

362 1124 563 1161 Literarum
587 1124 738 1172 magistri
760 1123 999 1160 censerentur:
1030 1124 1122 1172 quod

362 1176 396 1210 ἃ
426 1176 773 1211 commemorandum
811 1175 900 1212 mihi
938 1175 1007 1211 erit
1035 1174 1125 1211 infra

363 1225 403 1261 in
446 1226 696 1262 Differ-ratione
726 1228 857 1262 XLIV.
884 1227 920 1260 de
949 1226 1126 1260 Liternum

359 1276 516 1321 fortuna.
547 1276 673 1319 Addo,
702 1290 772 1312 non
801 1277 914 1311 levem
944 1275 1044 1311 nobis
1074 1275 1126 1310 su-

364 1326 522 1376 spicandi
558 1326 704 1362 caussam
744 1326 920 1374 praeberi,
950 1326 1082 1360 Arabes
1110 1339 1128 1360 a

366 1376 596 1413 vetustiffirno
613 1378 748 1425 Populo
769 1377 912 1421 Iudaico
930 1376 1128 1422 Rhyrhmo-

367 1440 446 1464 rum
474 1438 582 1464 artem
621 1429 654 1462 8<
692 1427 790 1463 usum
829 1427 970 1463 edofiios
1007 1426 1130 1461 fuiffe.

367 1481 476 1526 Supra
518 1478 672 1514 vidimus
709 1478 894 1514 disterium
933 1476 1128 1512 Mulierum

369 1530 607 1566 Hebraearum
645 1529 682 1564 in
712 1529 791 1564 Saul
819 1527 934 1563 caussa
962 1527 1131 1563 vif’toriae

369 1592 389 1615 a
419 1579 533 1614 David
562 1580 710 1614 relatae.
741 1579 792 1614 [bi
815 1577 1041 1613 consonantia
1070 1590 1131 1613 vo-

372 1643 451 1665 cum
470 1656 478 1665 .
517 1631 594 1664 Hac
622 1628 662 1664 de
691 1643 725 1665 re
753 1628 946 1675 disputatio
974 1627 1134 1677 proxime

370 1680 569 1729 praeteritis
598 1679 697 1715 annis
727 1679 848 1727 viguit
884 1679 978 1714 inter
1006 1678 1130 1714 doetis-

373 1730 495 1766 fimum
540 1730 656 1766 virum
699 1731 847 1766 Blasium
891 1729 1100 1765 Garofolum
1126 1757 1137 1773 ,

376 1794 415 1816 ac
452 1781 540 1816 alios
569 1781 756 1817 Eruditos.
792 1781 898 1826 Quod
927 1780 1033 1819 novi,
1063 1782 1137 1816 Au-

378 1830 529 1879 gustinus
551 1831 777 1879 EugubinuS‚
805 1830 1043 1870 Meibomius,
1066 1832 1138 1866 Lu·

376 1881 522 1917 dovicus
564 1880 734 1927 Capellus
760 1905 770 1920 ,
812 1881 998 1923 Clericus,
1040 1883 1137 1916 Huc-

377 1931 447 1968 tius
465 1960 472 1968 .
502 1933 534 1966 8(
564 1932 624 1967 alii
655 1930 806 1975 sensere,
834 1931 981 1975 Judaeos
1009 1931 1050 1966 ab
1079 1944 1136 1966 an—

379 1981 584 2030 tiquiffimis
622 1982 752 2018 Seculis
798 1991 1006 2017 concentum
1049 1981 1140 2017 hunc

381 2035 568 2069 verborum
598 2033 766 2081 usurpasse
794 2033 830 2068 in
863 2032 931 2067 suis
959 2031 1140 2067 Carmini-

381 2085 466 2125 bus,
504 2086 681 2129 Hymnis.
717 2083 755 2120 &
793 2082 978 2120 Canticis.
1015 2081 1167 2128 Quid2v

382 2135 476 2184 quod
520 2135 770 2170 Fourmontius
812 2137 856 2170 V.
899 2135 956 2170 Cl.
1005 2132 1142 2169 Parisiis

384 2189 495 2223 Anno
525 2187 768 2221 MDCCXIV.
792 2184 1076 2220 Differtationem
1107 2198 1140 2220 e-

386 2237 498 2281 didit,
529 2237 565 2271 in
594 2236 710 2272 eadem
740 2235 840 2271 Urbe
870 2234 962 2281 typis
999 2234 1141 2282 impres-

387 2287 456 2324 sam
494 2289 599 2324 Torn.
629 2288 662 2324 6.
696 2286 856 2320 Memoim
892 2287 930 2319 de
966 2285 1144 2320 Literarure

386 2342 426 2375 de
449 2337 638 2374 l’Academ.
665 2339 717 2371 des
739 2337 960 2382 Inscriptions.
989 2334 1042 2370 Ibi
1069 2350 1144 2385 pag.

391 2390 472 2426 160.
515 2389 625 2425 multa
663 2386 862 2423 eruditione
897 2386 1070 2426 ostendit,
1107 2387 1143 2422 in

388 2440 543 2477 Poeticis
571 2438 690 2476 Libris
717 2438 846 2474 veteris
873 2436 1086 2474 Testamenti
1110 2451 1145 2473 e-

391 2490 541 2541 jusmodi
569 2498 775 2526 concentum
803 2488 840 2524 in
879 2488 948 2524 fine
975 2487 1146 2525 Versuum

392 2555 594 2579 occurrere.
623 2539 805 2591 Exemplis
832 2553 955 2591 parco.

742 207 1131 264 ANTJQUUM.

353 277 449 309 rem,
478 277 581 312 quem
608 265 718 301 adhuc
746 267 924 311 retinent,
960 269 994 302 ἃ
1025 267 1112 302 cele·
1133 269 1189 303 ‚A

1160 722 1183 755 ΓΔ

1174 209 1262 251 lm„
1280 214 1384 250 12³1*st
1423 210 1581 252 ‘aelst'

1835 221 1917 264 296

1265 269 1365 314 Quae
1401 267 1462 303 ubi
1498 267 1711 311 statuamus,
1749 268 1818 317 jam
1858 276 1973 317 patet,

1216 318 1483 354 consonantium
1515 332 1639 354 vocum
1669 318 1764 355 usum
1794 319 1831 355 in
1861 318 1974 354 Versi-

1217 369 1300 414 bus,
1322 368 1420 416 supra
1442 369 1546 415 quam
1569 371 1674 418 vulgo
1695 370 1875 415 credatur,
1895 371 1975 405 lon-

1217 433 1258 467 ge
1285 418 1564 467 antiquiffimum
1591 421 1677 461 effe,
1707 430 1829 468 utpote
1868 421 1929 468 qui
1958 433 1976 455 a

1217 469 1353 514 judaeis
1382 470 1418 505 in
1457 472 1581 514 Syros,
1611 468 1648 506 &
1676 472 1809 506 Arabes
1842 470 1976 507 fluxisse

1221 520 1384 556 videtur.
1424 520 1559 555 Deinde
1599 533 1642 555 ex
1679 523 1836 556 Arabum
1875 530 1976 570 gente

1220 570 1295 606 veri
1325 570 1464 606 videtur
1500 570 1611 605 simile
1647 570 1738 619 ipsos
1775 571 1978 607 Occidentis

1221 622 1374 670 Populos
1415 629 1524 657 artem
1567 621 1654 656 hanc
1695 621 1878 665 didiciffe,
1915 621 1975 656 nifi

1221 672 1376 708 eamdem
1405 685 1424 707 a
1462 671 1604 720 Populis
1641 671 1977 720 Septentrionalibus

1180 739 1187 746 «
1224 732 1325 758 antea
1352 721 1560 758 didicerint.
1586 724 1677 758 Nam
1707 723 1740 757 &
1767 721 1806 757 ad
1835 722 1917 757 illos
1945 722 1980 757 in

1225 773 1316 809 hisce
1357 771 1604 821 investigandis
1640 774 1760 808 oculos
1798 781 1980 807 converta—

1225 836 1300 859 mus
1327 833 1491 870 oportet.
1520 825 1626 859 Certe
1654 822 1726 871 post
1752 823 1885 858 Arabes
1912 822 1982 857 im-

1226 873 1358 922 perium
1396 873 1538 909 Siciliae
1579 873 1752 920 arripuere
1789 871 1981 916 Comites,

1228 926 1368 967 Duces,
1406 936 1444 958 ac
1486 926 1595 971 Reges
1633 924 1858 959 Normanni:
1901 936 1983 972 gens

1227 986 1351 1018 nempe
1378 986 1396 1007 e
1422 972 1538 1020 gelido
1565 973 1807 1019 Septentrione
1831 973 1919 1008 olim
1946 973 1984 1008 in

1227 1022 1406 1066 Galliam,
1427 1034 1465 1057 ac
1492 1022 1630 1056 demum
1659 1021 1695 1057 in
1721 1035 1882 1070 magnam
1907 1022 1986 1057 Bri-

1229 1073 1414 1115 tanniam,
1452 1071 1649 1119 Apuliam,
1687 1081 1790 1119 atque
1827 1071 1987 1107 Siciliam

1229 1123 1356 1168 effusa,
1384 1123 1628 1158 dominatione
1654 1122 1699 1158 iis
1736 1123 1772 1158 in
1800 1122 1888 1158 locis
1917 1121 1987 1158 for-

1230 1174 1357 1210 tiffime
1396 1173 1633 1209 constabilita.
1672 1172 1729 1208 Ad
1767 1174 1911 1208 Annum
1952 1185 1990 1208 u-

1232 1225 1312 1272 sque
1347 1225 1558 1259 MCXCIV.
1597 1225 1882 1259 Normannorum
1923 1225 1991 1258 Re-

1232 1287 1313 1323 gum
1343 1273 1500 1322 potentia
1537 1286 1575 1308 ac
1604 1273 1695 1308 sedes
1731 1273 1820 1321 apud
1855 1273 1990 1308 Siculos

1234 1324 1459 1382 perduravit.
1499 1324 1555 1358 Ab
1593 1323 1658 1359 hoc
1700 1332 1816 1360 autem
1854 1324 1990 1370 Populo

1233 1375 1381 1412 ediscere
1409 1374 1515 1409 etiarn
1545 1373 1650 1410 licuit
1678 1373 1826 1413 Siculis,
1853 1373 1992 1422 quando

1235 1424 1428 1460 consentire
1456 1424 1632 1467 nolimus,
1659 1425 1700 1458 ab
1730 1424 1881 1458 Arabica
1909 1436 1992 1471 gen-

1235 1484 1268 1510 te
1305 1486 1362 1509 eos
1405 1472 1568 1520 accepifl‘e
1609 1472 1808 1520 vulgarium
1847 1472 1992 1508 Carmi-

1236 1538 1318 1560 num
1360 1532 1489 1559 artem.
1532 1523 1790 1569 Rhythmorum
1836 1522 1991 1571 prosess'tb

1237 1575 1373 1624 vulgari
1395 1574 1533 1622 Lingua
1555 1574 1776 1609 conditorum
1800 1574 1889 1621 apud
1909 1586 1992 1621 gen-

1237 1636 1286 1662 tes
1324 1624 1618 1673 Septentrionales
1655 1623 1835 1671 antiquior
1871 1623 1916 1658 est
1956 1637 1994 1658 u-

1239 1677 1310 1716 sus,
1346 1676 1448 1724 qaam
1493 1674 1770 1710 provincialium
1807 1675 1841 1709 δ(
1884 1673 1993 1709 Italo-

1238 1741 1333 1764 rum.
1370 1725 1561 1761 Ostendant
1596 1724 1764 1761 Germani
1801 1724 1994 1772 Evangelia

1243 1778 1412 1822 Rhythmis
1449 1776 1614 1816 Theotiseis
1648 1789 1666 1811 e
1696 1776 1825 1812 Latino
1862 1774 1996 1810 reddita

1241 1823 1299 1877 per
1317 1827 1497 1863 otfridum
1523 1826 1737 1861 Monachum
1760 1825 1900 1862 circiter
1918 1828 1995 1859 An-

1242 1893 1323 1915 num
1349 1879 1631 1913 DCCCLxxx.
1653 1889 1739 1924 quae
1765 1875 1900 1912 cantica
1921 1877 1997 1910 bre-

1242 1931 1343 1966 vibus
1370 1927 1556 1963 Versiculis
1581 1927 1618 1962 in
1647 1940 1749 1963 voces
1773 1925 1999 1962 consonantes

1241 1979 1474 2016 desinentibus
1516 1977 1693 2013 constant.
1733 1977 1819 2014 Alia
1861 1987 1999 2022 quoque

1243 2030 1392 2078 ejusdem
1422 2029 1556 2078 generis
1591 2030 1750 2064 Poemata
1787 2028 1849 2063 ille
1877 2038 2002 2072 procu·

1244 2082 1319 2124 dit,
1347 2093 1433 2127 quae
1470 2079 1580 2115 adhuc
1618 2079 1720 2115 MSta
1757 2078 1933 2114 servantur
1960 2074 1998 2110 in

1246 2129 1492 2178 antiquissimis
1509 2129 1702 2166 codicibus
1715 2127 1897 2166 Caesareae
1910 2125 2000 2160 Vin-

1246 2179 1447 2216 dobonenfis
1470 2179 1710 2214 Bibliothecae
1732 2193 1770 2214 ac
1791 2176 2002 2220 Varicanae,

1248 2231 1358 2268 immo
1396 2229 1489 2276 typis
1517 2229 1624 2264 etiam
1662 2229 1774 2263 aeneis
1804 2241 1820 2263 a
1847 2226 2004 2270 johanne

1249 2281 1420 2319 Schiltero
1449 2279 1576 2315 tradita
1603 2278 1770 2327 prostant.
1798 2280 1883 2313 Sunt
1909 2277 1941 2312 ἃ
1970 2289 2006 2311 a-

1251 2333 1299 2369 lia
1327 2330 1413 2377 apud
1456 2332 1596 2374 Dauos,
1632 2331 1778 2374 Succos,
1807 2327 2006 2373 ceterosque

1252 2386 1444 2419 Germanos
1486 2381 1559 2428 ejus
1608 2380 1742 2427 generis
1785 2378 1904 2414 vetust
1912 2376 2008 2414 ffima

1251 2433 1440 2470 Carmina.
1460 2430 1631 2480 Georgius
1652 2430 1775 2466 itidem
1798 2427 2009 2473 Hickefius‚

1252 2484 1343 2520 inter
1372 2483 1556 2518 Britannos
1581 2481 1733 2517 summae
1758 2481 1814 2517 vir
1838 2478 2009 2516 eruditio-

1223 2571 1228 2581 ,
1252 2536 1333 2575 nis,
1356 2534 1394 2571 in
1420 2533 1586 2571 Thesaur.
1612 2533 1781 2583 Linguar.
1808 2534 1925 2568 Veter.
1952 2531 2011 2566 Se-

1865 2589 1966 2631 ptem
