2216 3100
257 268 339 309 329
458 248 823 293 DlsSER1*AT10
855 242 1457 304 ,QUADRAGESJMATe-R]
1469 248 1557 291 14·
1680 263 1761 305 330

198 310 312 347 lorum
349 308 474 345 limina
511 306 694 355 religionis
731 306 846 343 caussa
876 319 953 355 pro·
976 308 1033 343 ·A;
1062 303 1280 354 praestitere;
1310 317 1371 339 nos
1409 307 1492 340 vero
1529 306 1718 355 indignos,
1757 307 1819 354 qui

197 361 281 397 sensti
308 360 442 402 essent,
478 371 519 393 en
547 358 632 405 quid
661 360 780 406 Lupus
809 356 881 405 ipse
909 359 953 391 E—

196 411 318 461 pistola
346 409 518 458 intrepide
546 408 625 443 data
653 409 694 443 ad
727 407 954 444 Benedie‘cum

196 464 263 498 III.
292 463 419 509 Papam
456 459 597 495 circiter
623 461 768 495 Annum
803 459 954 494 DCCC-

196 514 277 549 LV.
307 512 349 546 ab
378 524 419 546 eo
457 509 650 559 flagitarit.
687 509 955 552 Commentarios,

197 562 269 602 ait,
304 562 401 597 Beati
443 561 628 608 Hteronymi
664 560 698 595 in
738 560 954 602 Hieremiam,

191 613 260 661 post
279 615 407 647 sextum
431 616 563 647 Librum
587 611 679 658 usque
700 612 733 645 in
746 611 845 655 finem
863 620 950 654 prae-

196 663 280 699 diHi
306 664 496 711 Prophetae,
522 674 576 709 per
602 662 716 706 eosdem
743 663 871 694 Fratres
900 672 951 692 no-

197 715 246 750 bis
271 714 358 748 mini
392 713 578 761 deposcimus
605 712 640 745 in
674 711 785 745 Codice
812 722 951 744 reveren—

197 766 256 800 dae
291 764 461 803 veritatis,
487 761 605 803 vestrae
640 760 841 805 sanititati,
863 760 894 802 fi
920 761 956 793 id

197 815 419 851 obtinuerimus
436 839 446 855 ‚
480 811 639 858 postquam
675 811 810 844 celeriter
845 810 950 853 exscri-

194 874 268 912 ptus
284 864 401 907 fuerit,
415 862 484 904 fine
507 862 604 897 dubio
627 861 844 895 remittendos.
869 864 953 895 Nam

197 915 230 950 in
258 914 367 956 nostris
393 913 568 958 regionibus
597 912 748 957 nusquam
781 911 865 945 ullus
889 911 954 958 posi

196 969 324 1002 Sextum
352 962 612 997 commentarium
646 962 749 1007 potuit
785 961 924 996 inveniri
937 975 956 1003 ‚-

196 1015 244 1054 ψ’
271 1023 410 1058 optamus
437 1015 470 1047 in
497 1012 588 1046 vobis
612 1022 785 1058 recuperare
811 1012 956 1059 quicquid

193 1063 356 1112 parvitati
391 1063 508 1104 nostrae
543 1061 636 1108 a'eeffe
672 1064 840 1104 sensimus.
867 1063 952 1098 Peti—

197 1128 264 1150 mus
290 1114 384 1148 etiam
406 1114 550 1148 Tullium
574 1121 612 1147 ae
638 1117 786 1156 Oratore,
811 1114 854 1147 (9‘
879 1116 952 1148 dno—

197 1165 294 1200 decim
329 1166 439 1200 Libros
475 1163 708 1206 Institutionum
743 1164 956 1199 Oratoriarum

197 1215 421 1262 Quintiliani,
448 1215 503 1261 qui
530 1227 611 1257 uno,
637 1227 688 1248 nec
715 1215 838 1261 ingenti
863 1216 952 1249 volu*

196 1271 280 1300 mine
305 1266 523 1299 continentur:
546 1277 672 1310 quorum
699 1266 857 1311 utriusque
881 1268 953 1299 ,Λιι-

196 1315 312 1350 &orum
336 1325 442 1359 partes
476 1315 643 1355 habemus,
671 1315 781 1346 veriam
816 1315 951 1357 plenitu-

195 1366 300 1401 dinem
320 1375 376 1411 per
401 1376 458 1398 vos
479 1362 688 1403 desideramus
711 1364 864 1398 obtinere.
891 1367 952 1397 Pa—

194 1416 225 1450 ri
252 1415 443 1457 intentione,
472 1413 593 1449 Donati
627 1415 892 1448 Commentarium
923 1415 956 1447 in

196 1467 376 1501 Terentium
404 1465 617 1510 flagitamus.
654 1467 746 1510 ,Quae
781 1464 956 1498 Asamum

197 1521 296 1563 Opera
317 1515 348 1556 si
374 1516 475 1556 vestra
511 1514 689 1548 liberalitas
725 1514 810 1548 nobis
837 1514 958 1559 largita

194 1566 321 1611 fuerit:
364 1568 427 1600 Deo
467 1575 648 1608 annuente,
688 1577 754 1598 cum
796 1575 958 1598 memorato

196 1616 309 1652 Sam‘li
337 1616 522 1661 Hieronymi
556 1615 668 1649 Codice
686 1614 832 1659 fideliter
857 1615 955 1648 omni-

197 1680 236 1702 no
260 1666 446 1708 restituenda
469 1666 663 1700 curabimus.
692 1667 788 1700 Haec
814 1667 956 1708 Eunus,

196 1717 233 1753 in
263 1717 359 1764 cujus
389 1715 502 1751 verbis
540 1728 609 1750 non
649 1715 760 1750 solum
799 1716 952 1751 animad-

196 1777 331 1804 vertere
359 1767 531 1815 possumus
552 1766 726 1801 Codicum
753 1766 955 1805 raritatem,

196 1831 302 1867 quum
329 1817 426 1865 supra
447 1826 658 1853 memoratos
684 1816 842 1852 universa
870 1818 953 1852 Gal-

196 1869 244 1904 lia
271 1868 486 1916 suppeditare
514 1869 618 1914 Lupo
646 1880 715 1902 non
754 1868 881 1916 pois-et,
909 1867 953 1903 ii-

196 1932 264 1967 que
292 1919 328 1953 in
356 1927 427 1954 tam
455 1927 589 1953 remota
620 1919 762 1966 regione
788 1932 954 1966 quaeren-

197 1969 234 2005 di
262 1968 392 2018 effent3
422 1968 474 2003 sed
514 1967 620 2003 etiam
659 1968 813 2004 hominis
845 1969 954 2005 confi—

197 2019 380 2058 dentiam,
417 2019 479 2067 qui
516 2019 556 2054 ad
594 2018 626 2054 se
662 2032 704 2054 ex
744 2019 842 2055 Urbe
883 2020 954 2066 ipsa

198 2069 398 2106 deferendos
438 2069 588 2105 Codices
630 2068 799 2116 speravit:
844 2071 954 2105 Codi-

199 2134 275 2164 ces,
300 2120 467 2168 inquam,
493 2133 655 2168 perquam
685 2133 778 2155 raros
806 2133 844 2155 ac
872 2120 955 2156 mil·
977 2137 978 2141 ¹

198 2172 231 2207 le
260 2171 422 2219 periculis
459 2170 495 2206 in
525 2170 651 2206 itinere
687 2170 800 2206 eundo
836 2184 875 2206 ac
903 2185 950 2206 re·

197 2221 334 2257 deundo
361 2220 555 2257 obnoxios.
579 2220 700 2256 Potius
730 2231 844 2257 tamen
873 2222 955 2257 hinc

197 2271 397 2308 discendum
436 2272 559 2315 nobis,
595 2272 870 2319 quamplurimas
911 2273 955 2308 iis

198 2321 277 2371 ipfis
305 2322 493 2358 Monachis
519 2322 690 2358 habendas
716 2323 779 2358 esse
806 2323 955 2371 gratias,

199 2378 306 2419 q'uum
334 2373 440 2408 ferme
468 2386 586 2409 eorum
622 2374 869 2409 tantummodo
897 2388 953 2410 cu-

199 2422 256 2465 rfi,
284 2423 453 2471 quidquid
490 2425 678 2460 Librorum
718 2434 872 2459 veterum
903 2424 956 2460 su—

199 2471 333 2521 perest,
374 2486 435 2508 nos
476 2474 690 2524 habeamus3
731 2476 764 2510 δε
808 2475 955 2523 majores

199 2522 342 2569 quidem
380 2523 506 2559 nostros
545 2526 767 2561 excusatione
804 2525 954 2574 dignos,

199 2571 224 2608 fi
259 2573 357 2622 plura
400 2573 436 2608 in
474 2574 606 2612 Literis
646 2576 846 2613 excolendis
882 2590 954 2615 non

299 2627 387 2659 Tem.
418 2626 505 2660 VIII.
738 2635 743 2639 “

1061 355 1099 390 in
1127 363 1226 390 tanta
1253 353 1443 390 Librorum
1472 356 1573 403 copia
1598 359 1707 393 adhuc
1734 358 1818 393 defi-

1062 405 1119 441 des
1146 406 1180 440 &
1207 404 1344 441 indoffi
1371 405 1435 441 effe
1464 405 1657 454 pergimus.

1114 455 1197 492 Rari
1221 469 1303 504 ergo
1323 469 1430 503 quum
1455 458 1543 492 olim
1570 456 1706 498 forent,
1728 459 1820 494 mul-

1061 515 1169 555 toque
1185 521 1260 543 aere
1275 507 1526 543 redimerentur
1537 509 1687 544 Codices
1703 509 1822 548 MSti,

1062 557 1144 594 hinc
1183 557 1419 606 intelligimus
1445 582 1454 596 ‚
1494 572 1555 594 cur
1591 559 1683 595 tanti
1721 558 1822 595 fieret

1062 621 1181 643 eorum
1209 608 1375 648 donatio,
1397 617 1435 643 ut
1463 607 1484 642 sl
1511 610 1649 654 quando
1675 611 1730 645 vel
1758 609 1821 658 ipsi

1062 659 1216 694 Romani
1246 658 1435 694 Pontifices
1472 658 1639 706 ejusmodi
1679 673 1821 695 munera

1062 707 1163 743 sacris
1191 709 1353 755 Templis
1381 709 1572 744 offerebant
1590 733 1599 747 ,
1630 710 1671 744 ad
1699 723 1819 745 eorum

1060 759 1210 807 gloriam
1231 760 1272 794 de
1296 759 1340 794 iis
1363 759 1498 795 mentio
1517 758 1555 795 in
1582 759 1735 795 Historia
1761 759 1822 795 ha-

1063 811 1224 845 beretur.
1263 810 1455 857 Stephanus
1484 812 1527 845 V.
1559 811 1675 859 Papa,
1712 819 1750 846 ut
1777 811 1822 845 est

1061 858 1098 894 in
1135 859 1207 908 ejus
1236 860 1349 902 Vita,
1377 861 1497 895 Tomo
1534 861 1599 895 111.
1629 874 1704 909 pag.
1737 873 1821 908 272.

1063 912 1141 945 Rer.
1168 909 1320 945 Italicar.
1351 910 1492 945 circiter
1517 913 1661 946 Annum
1690 911 1822 947 Christi

1063 962 1400 996 DCCCLXXXVI.
1432 970 1564 1007 praeter
1583 963 1671 997 alios
1693 961 1822 998 Libros

1061 1011 1112 1046 ibi
1148 1021 1465 1050 commemoratos,
1500 1024 1556 1057 pro
1590 1013 1715 1047 animae
1745 1014 1823 1056 luae

1061 1064 1192 1095 remedio
1227 1063 1357 1097 contulit
1393 1061 1546 1102 Ecclesiae
1582 1063 1696 1097 Sanft'i
1727 1063 1822 1097 Pauli

1061 1114 1243 1147 cantharam
1285 1125 1466 1147 exauratam
1506 1126 1602 1147 imam
1644 1112 1822 1160 (fortaffe

1061 1163 1267 1211 rauthan-xm)
1296 1164 1370 1198 lef.
1398 1167 1569 1199 Cemment.
1598 1166 1621 1198 I.
1654 1165 1823 1208 Propheta-

1063 1227 1127 1247 mm
1153 1215 1225 1249 Lib.
1252 1217 1277 1248 I.
1303 1217 1463 1255 G³siarum
1488 1228 1586 1248 rerum
1615 1217 1687 1250 L‘b.
1711 1217 1753 1250 II.
1779 1216 1820 1250 In

1063 1264 1293 1299 Ambrofiano
1322 1266 1426 1300 MSto
1454 1266 1584 1313 legitur
1614 1267 1686 1301 Lib.
1713 1267 1823 1300 Comi-

1059 1315 1120 1356 sem
1140 1317 1166 1348 I.
1194 1314 1355 1350 Fortassis
1377 1316 1428 1351 ibi
1450 1315 1665 1351 scribendum
1689 1315 1823 1350 Librum

1061 1365 1210 1397 Comitem
1240 1368 1264 1398 Ι.
1301 1367 1373 1399 Hic
1402 1366 1496 1400 enim
1526 1367 1635 1401 Liber
1662 1365 1730 1401 fuit
1760 1366 1823 1401 Ri-

1062 1414 1167 1448 tualis
1186 1441 1196 1458 ‚
1226 1414 1328 1448 sacris
1358 1416 1442 1449 viris
1475 1416 1514 1449 ad
1543 1417 1662 1451 divina
1692 1416 1822 1452 Officia

1061 1464 1153 1498 reete
1174 1465 1363 1512 peragenda
1381 1465 1468 1499 olim
1493 1464 1709 1514 summopere
1727 1479 1824 1502 com-

1062 1517 1264 1548 mendatus.
1295 1517 1391 1549 Inter
1418 1515 1534 1551 Sanffi
1565 1516 1748 1552 Athanasii
1777 1519 1823 1552 E-

1063 1562 1196 1611 piscopi
1225 1564 1456 1611 Neapolitani
1486 1566 1575 1613 gesta
1605 1568 1823 1612 laudabilia,

1063 1614 1141 1649 teste
1168 1615 1325 1658 Johanne
1355 1616 1514 1650 Diacono
1542 1616 1579 1651 in
1607 1618 1680 1663 ejus
1711 1617 1794 1653 Vita
1812 1646 1823 1662 ‚

1063 1667 1155 1701 Part.
1186 1667 1230 1701 Il.
1259 1666 1369 1701 Tomi
1399 1667 1426 1701 I.
1455 1668 1533 1701 Rer.
1562 1667 1714 1703 Italicar.
1744 1681 1820 1716 pag.

1063 1718 1146 1763 316.
1166 1716 1254 1752 illud
1279 1715 1445 1760 refertur,
1468 1717 1561 1764 quod
1583 1717 1724 1753 circiter
1743 1720 1822 1754 An-

1061 1780 1142 1802 num
1190 1769 1403 1803 DCCCLV.
1441 1768 1575 1802 Librum
1616 1769 1710 1803 etiam
1744 1769 1823 1813 fecit

1060 1818 1227 1852 Comicidos
1244 1845 1253 1860 ‚
1274 1817 1347 1859 five
1368 1818 1444 1861 fecit
1471 1819 1512 1851 Θ
1532 1819 1705 1854 Comitidas
1717 1844 1728 1859 ‚
1750 1820 1821 1866 qui-

1060 1868 1116 1902 bus
1143 1871 1293 1902 cantores
1321 1879 1375 1914 per
1401 1868 1607 1909 Festivitates
1637 1879 1819 1904 uterentur:

1060 1918 1125 1953 hoe
1162 1918 1206 1954 est
1243 1918 1374 1953 Librum
1401 1919 1534 1952 Comitis
1569 1918 1662 1954 dono
1699 1919 1820 1964 dedit,

1061 1979 1099 2005 ut
1136 1969 1172 2005 in
1203 1969 1311 2005 Notis
1338 1982 1403 2017 ego
1439 1969 1718 2016 interpretabar.
1756 1971 1823 2007 Li-

1061 2020 1159 2055 brum
1189 2019 1280 2055 hunc
1303 2019 1465 2056 Baluzius
1493 2020 1529 2055 in
1552 2021 1756 2068 Appendice
1777 2021 1819 2057 ad

1060 2069 1284 2112 capitularia
1310 2069 1513 2118 evulgavit.
1542 2070 1594 2106 Ita
1619 2072 1758 2119 quoties
1783 2086 1820 2108 a-

1061 2120 1101 2154 lii
1124 2120 1288 2169 Episcopi
1308 2121 1342 2155 &
1364 2122 1518 2156 Abbates
1541 2122 1728 2171 collegium
1748 2125 1819 2158 Ca-

1060 2171 1268 2206 nonicorum
1309 2179 1368 2206 aut
1404 2171 1661 2207 Monachorurn
1697 2173 1816 2208 Libris

1060 2221 1148 2256 olim
1172 2222 1456 2270 locupletabant,
1480 2222 1611 2257 etiarnsi
1638 2222 1737 2271 pauci
1763 2223 1817 2258 fo-

1061 2282 1158 2315 rent,
1186 2272 1290 2321 digna
1317 2286 1368 2308 res
1397 2273 1732 2309 commemoratione
1759 2274 1816 2309 vi-

1061 2322 1204 2358 debatur
1230 2323 1267 2358 in
1295 2337 1414 2359 eorum
1446 2324 1564 2358 Vitis.
1601 2324 1664 2358 Sed
1693 2337 1813 2371 parurn

1060 2373 1162 2409 dixi.
1201 2374 1316 2422 Digna
1345 2373 1570 2416 censebatur,
1606 2386 1694 2420 quae
1723 2387 1812 2410 mar-

1061 2437 1155 2460 more
1182 2424 1355 2473 insculpta
1383 2425 1493 2460 veluti
1522 2434 1699 2460 aeternum
1738 2426 1814 2461 lau-

1059 2475 1112 2511 dis
1153 2487 1419 2512 monumentum
1456 2475 1497 2509 ad
1536 2473 1624 2510 seros
1663 2474 1811 2523 posteros

1059 2525 1299 2574 pertransiret.
1335 2529 1413 2561 Duo
1438 2524 1474 2560 in
1503 2524 1590 2560 hanc
1617 2538 1688 2560 rem
1717 2539 1813 2574 egre-

1057 2590 1115 2627 gia
1135 2576 1360 2626 antiquitatis
1382 2575 1482 2612 frusta
1511 2575 1578 2612 huc
1605 2575 1730 2613 referre
1758 2578 1813 2625 Ju-

1112 2629 1145 2665 L
1172 2628 1186 2662 l
1680 2636 1762 2672 vat,
