2216 3100
414 210 496 251 227

523 292 673 348 val-‘mh
710 298 827 349 *ns-w
858 317 950 352 mn

501 371 618 414 Icchh
648 373 740 417 Saul
771 374 965 432 balafaju,

579 444 763 481 ”17:372
796 450 884 485 *ri-17

490 502 670 545 Vedavid
703 504 977 564 berivvodaju.

355 610 476 658 Atque
502 610 580 648 heic
608 621 742 650 mature
770 615 1026 654 animadvertas
1053 630 1112 653 ve-

351 660 441 705 lim,
469 661 506 697 in
540 662 710 711 ejusmodi
747 666 1004 704 Verficulorum
1045 668 1114 704 fine

352 709 501 756 syllabas
537 713 726 755 consonas,
761 729 845 764 quas
879 720 977 754 Rime
1015 719 1111 755 Itali-

352 774 391 797 ce
419 764 652 811 appellamus·
681 765 859 811 Casu—ne,
887 782 930 805 an
958 778 1031 806 arte
1064 769 1110 806 fa-

353 812 473 855 ἔὶυῐη,
509 813 667 861 judicent
707 815 795 852 alii.
838 819 891 854 De
934 819 988 856 his
1023 819 1115 856 infra

352 861 465 898 sermo
492 863 581 899 erit.
610 865 733 911 Itaque
770 865 869 902 ficuti
903 867 1116 906 Cantilenae

351 912 483 948 nostrae
508 914 612 950 certis
639 915 782 963 pedibus
803 917 959 953 constant
985 919 1022 954 in
1048 920 1113 954 fin-

352 964 445 1011 gulis
472 964 640 1013 strophis,
669 975 707 1001 ut
734 966 827 1002 idem
866 967 905 1003 fit
933 969 969 1004 in
998 970 1115 1005 omni—

353 1016 416 1050 bus
445 1014 598 1050 Muficus
635 1026 849 1066 concentus;
878 1018 930 1054 ita
957 1020 989 1054 8<
1020 1029 1114 1056 vete-

350 1078 428 1101 rum
473 1065 648 1111 Rhythmi
691 1068 903 1113 processere.
944 1071 1116 1106 Eumdem

350 1118 434 1152 vero
462 1129 594 1152 morem
623 1116 796 1155 retinuere
820 1118 1014 1157 Christiani
1041 1123 1114 1158 bar·

350 1166 479 1203 baricis
523 1167 766 1216 temporibuS,
803 1183 911 1218 quum
954 1174 1119 1218 Hymnos
1149 1162 1183 1200 C

353 1218 636 1264 componebant:
665 1219 758 1267 quod
785 1221 892 1257 etiam
917 1236 936 1258 e
961 1222 1117 1258 Bencho-

353 1267 506 1304 rensibus
548 1282 657 1317 nuper
701 1271 904 1308 memoratis
946 1273 1119 1320 liquebit.

352 1319 520 1366 Exempli
547 1319 660 1367 gratia
688 1320 751 1355 hos
788 1323 926 1358 tanturn
965 1336 1119 1359 comme-

355 1382 480 1413 mor-0,
510 1383 616 1406 unum
652 1370 799 1407 Versum
828 1372 865 1408 in
903 1373 989 1410 duos
1017 1373 1118 1410 verfi—

356 1421 452 1456 culos
479 1420 666 1457 dividens:

481 1498 520 1532 In
548 1496 713 1542 Prophetis
740 1496 899 1533 invenirt's

481 1546 593 1587 Nostro
621 1557 715 1581 natus
741 1549 895 1583 Saeculo:

482 1600 576 1632 Ante
602 1598 713 1632 saecla
739 1608 776 1632 tu
799 1598 893 1642 suilli

480 1646 602 1681 FaHor
627 1648 725 1694 primi
751 1649 895 1689 Saeculi,
924 1650 992 1687 (ἓν.

483 1699 564 1731 Cum
588 1697 678 1742 jubet
702 1709 819 1745 parvos
846 1701 970 1745 necari,

484 1749 595 1782 Turba
616 1749 694 1792 fecit
722 1753 927 1796 Martyrum.

483 1801 603 1832 fertur
630 1799 738 1841 infans
764 1801 966 1841 occulendus,

486 1849 562 1883 Nili
580 1849 706 1894 flumen
738 1861 796 1897 quo
814 1851 917 1896 fluit.

356 1923 516 1961 Allatius
538 1937 678 1971 quoque
700 1925 940 1973 praelaudatus
964 1927 1121 1964 animad-

355 1975 467 2012 vertit
494 1974 532 2010 in
561 1974 721 2011 Verfibus
761 1978 973 2013 Graecorum
1004 1980 1119 2013 Politi-

356 2025 422 2069 οἰκ,
449 2025 484 2061 in
519 2025 653 2072 quibus,
681 2035 721 2062 ut
757 2025 828 2074 ipse
867 2026 1011 2066 scribit.
1042 2031 1120 2074 syl-

358 2075 452 2112 labas
478 2077 653 2123 quindecim
680 2091 848 2124 numquam
875 2082 1023 2113 excedunt
1034 2093 1053 2122 ,·
1080 2081 1123 2114 (θ’
1146 2065 1188 2107 =E

351 2126 385 2169 fi
412 2139 489 2173 quae
515 2129 602 2162 ultra
637 2127 810 2171 videntur,
838 2143 889 2163 eas
927 2141 981 2174 per
1006 2130 1122 2176 aphae-

359 2177 440 2220 resin
458 2204 468 2222 ‚
500 2176 571 2218 five
606 2177 840 2224 synaloephen,
877 2180 1040 2214 decurtant
1076 2179 1149 2237 ‘2⁷5‘¹

360 2227 549 2272 absumunt.
575 2227 737 2276 Ejusdem
763 2239 880 2265 autem
906 2230 1017 2266 Metri
1045 2229 1123 2266 sunt
1147 2240 1149 2262 !

360 2279 516 2315 PlanHus
540 2279 748 2326 Rhytbmicus
770 2279 869 2328 super
893 2289 1006 2316 morte
1026 2283 1124 2317 Con-

360 2329 504 2366 stantini
541 2328 713 2365 Monachi
751 2330 983 2366 Luxovienfis
1011 2345 1029 2367 a
1056 2335 1122 2366 Gu-

361 2381 437 2416 dina
458 2381 614 2415 Monacho
638 2380 869 2428 compositus,
889 2383 922 2416 8<
943 2383 1125 2417 Adelman-

362 2434 397 2467 m‘
435 2431 615 2472 scholastici
652 2433 812 2479 Rhythmi
840 2433 1049 2479 Alpbabetici
1083 2433 1150 2468 de!

365 2482 464 2518 Viris
502 2481 697 2519 Illustribus
734 2482 785 2518 sui
822 2482 1011 2528 temporis,
1038 2468 1150 2547 quos!

363 2534 507 2570 Saeculo
542 2535 602 2571 XI.
642 2532 853 2584 compofitos
889 2533 1125 2571 Mabillonius

763 199 1129 260 ANTIleT.
1161 200 1378 243 MEDII
1405 201 1566 245 AEV!

1144 260 1182 296 A
1221 261 1262 295 V.
1290 258 1350 296 Cl.
1378 259 1471 297 inter
1498 270 1613 297 vetera
1644 262 1813 297 Analeffla
1841 262 1971 300 edidit.

1156 715 1182 749 w

1837 209 1917 248 228

1186 311 1189 388 ἱ
1218 309 1310 346 Vide
1338 311 1466 358 pariter
1489 311 1583 348 inter
1609 314 1722 359 Opera
1748 313 1865 349 Sancsti
1892 315 1975 349 Ful-

1186 389 1189 409 Λ
1218 361 1307 396 berti
1335 361 1552 407 Rhythmos,
1578 363 1726 400 verfibus
1751 363 1898 401 minime
1919 364 1973 400 di-

1186 411 1349 447 lstinffls
1385 412 1519 447 editos.
1563 415 1701 450 Floruit
1735 414 1797 450 ille
1833 429 1973 464 quoque

1218 463 1341 498 Seculo
1363 464 1423 497 XI.
1445 462 1604 498 Similem
1625 463 1730 500 eriam
1754 465 1973 512 Rhythmum

1218 511 1446 561 Landulphus
1474 512 1587 549 senior
1617 514 1809 552 Historicus
1832 517 1974 553 Medio-

1218 562 1362 599 lanenfis
1398 563 1587 608 exhibuit,
1624 577 1642 600 a
1680 578 1734 601 me
1770 568 1973 615 evulgatum

1218 616 1337 649 Tomo
1359 615 1420 650 IV.
1445 616 1522 650 Rer.
1545 615 1697 651 italicar.
1720 616 1816 652 Mihi
1839 619 1880 652 de
1900 617 1975 665 ipso

1218 663 1308 700 infra
1337 664 1448 700 fermo
1484 677 1656 702 recurret.
1695 667 1859 703 Alterum
1891 681 1978 714 quo-

1189 722 1192 736 *
1217 729 1284 762 que
1313 714 1393 751 vide
1421 729 1438 750 a
1476 729 1531 752 me
1560 716 1693 763 publici
1731 717 1815 765 juris
1845 717 1974 753 saffram

1218 767 1255 800 in
1294 765 1363 801 fine
1403 767 1657 814 Paralipomen.
1696 769 1881 814 Anonymi
1919 771 1977 804 Sa-

1218 816 1413 861 lernitani,
1452 819 1543 853 Part.
1584 820 1628 854 11.
1665 818 1776 854 Tomi
1815 821 1860 854 11.
1899 821 1977 854 Rer.

1220 867 1441 903 Italicarum.
1468 869 1529 903 Sed
1557 868 1653 916 supra
1679 878 1811 905 ceteros
1839 869 1978 915 Rhyth-

1219 929 1294 952 mos
1335 917 1361 952 ii
1405 917 1552 953 fortaffis
1593 920 1816 962 aestimandi,
1853 930 1977 969 utpote

1219 966 1477 1013 antiquiffimi,
1503 980 1607 1014 arque
1630 970 1670 1003 ad
1699 970 1890 1004 Historiam
1920 984 1979 1018 pe-

1219 1017 1363 1057 rutiles,
1407 1029 1553 1064 quorum
1597 1018 1748 1065 primurn
1767 1045 1777 1063 ‚
1820 1021 1980 1055 Veronae

1219 1066 1379 1102 encomia
1416 1068 1663 1111 complexum.
1692 1068 1760 1104 suis
1797 1069 1981 1106 Analezffis

1221 1118 1457 1154 Mabillonius
1484 1119 1577 1154 idem
1605 1119 1787 1167 adjunxit.
1815 1121 1982 1156 Alterum

1219 1169 1257 1203 in
1286 1168 1484 1204 Mediolani
1510 1169 1647 1205 laudem
1674 1169 1881 1206 fabricatum
1906 1170 1982 1206 edi-

1219 1218 1254 1253 di
1283 1231 1348 1266 ego
1376 1218 1412 1253 in
1441 1218 1558 1254 eadem
1599 1221 1689 1255 Part.
1718 1221 1762 1255 ΙΙ.
1795 1221 1904 1257 Tomi
1935 1222 1980 1256 ll.

1221 1271 1298 1304 Rer.
1318 1269 1430 1305 Italic.
1453 1271 1609 1317 Uterque
1633 1270 1818 1306 Veronenfi
1845 1270 1982 1317 Rhyth-

1221 1319 1384 1367 rnopoejo
1422 1321 1573 1355 natalem
1614 1320 1711 1356 suum
1752 1322 1882 1361 debet,
1920 1330 1981 1357 aut

1220 1369 1341 1404 saltem
1371 1369 1472 1405 debet
1509 1371 1640 1412 vitam.
1669 1384 1737 1417 qua
1773 1384 1864 1407 nunc
1893 1371 1981 1407 frui-

1220 1430 1298 1460 tur.
1328 1432 1434 1465 quum
1472 1433 1514 1454 ex
1542 1420 1736 1455 Codicibus
1774 1422 1983 1456 Veronenfi-

1221 1470 1281 1504 bus
1308 1469 1411 1504 ambo
1441 1469 1617 1516 depromti
1643 1470 1721 1506 cura
1750 1471 1888 1506 tandem
1917 1484 1982 1507 no-

1220 1519 1281 1554 stra
1302 1519 1338 1554 in
1361 1520 1474 1555 lucem
1500 1520 1722 1556 emerserint.
1750 1523 1794 1555 Er
1817 1520 1894 1557 sane
1915 1522 1982 1557 hoc

1221 1570 1403 1615 praecipue
1455 1571 1563 1606 titulo
1610 1579 1682 1606 tam
1737 1571 1982 1616 Mabillonio‚

1222 1622 1324 1668 quam
1348 1620 1435 1656 mihi
1464 1620 1534 1668 spes
1560 1620 1673 1656 futura
1701 1630 1795 1662 erat.
1818 1635 1879 1657 nos
1905 1635 1983 1669 gra-

1223 1672 1309 1707 tiam
1348 1671 1498 1707 inituros
1535 1670 1728 1707 Clariffimi
1767 1671 1848 1708 Viri
1888 1675 1985 1708 Mar-

1225 1722 1362 1758 chionis
1391 1722 1566 1770 Scipionis
1593 1722 1732 1770 M0ffeji
1757 1722 1984 1766 Veronensis,

1223 1773 1284 1820 qui
1324 1783 1396 1808 tum
1438 1774 1586 1816 patriam
1625 1773 1741 1813 suam,
1779 1782 1854 1809 tum
1892 1773 1986 1809 anti-

1225 1837 1328 1871 quam
1357 1823 1592 1859 eruditionem
1631 1823 1764 1859 summa
1801 1836 1878 1858 cum
1909 1825 1987 1859 lau-

1224 1875 1265 1910 de
1293 1874 1462 1910 illustrare
1496 1873 1629 1922 pergit.
1659 1874 1721 1909 Sed
1759 1874 1851 1921 quod
1880 1874 1986 1909 mire-

1225 1939 1282 1966 re,
1313 1925 1374 1961 vix
1403 1924 1499 1960 aliud
1535 1924 1597 1960 ille
1625 1925 1661 1960 in
1699 1924 1845 1959 confilio
1872 1923 1986 1960 nostro

1225 1975 1375 2021 reperit,
1403 1974 1465 2011 nifi
1503 1985 1744 2024 argumentum
1783 1975 1853 2010 irae
1880 1983 1984 2022 atque

1226 2025 1406 2061 censurae.
1436 2026 1534 2072 Quid
1562 2027 1677 2062 amico
1705 2025 1784 2060 viro
1812 2024 1888 2059 heic
1916 2024 1985 2059 mi-

1227 2077 1322 2112 nime
1364 2078 1546 2124 probatum
1590 2077 1720 2116 fuerit.
1757 2074 1886 2123 quidve
1921 2073 1985 2110 ille

1227 2126 1402 2173 scripserit
1438 2127 1474 2161 in
1514 2127 1784 2168 Differtatione‚
1813 2135 1915 2172 quam
1944 2124 1985 2160 de

1227 2175 1357 2212 Ver-fib.
1407 2176 1633 2221 Rhyrhmicis
1675 2178 1782 2211 Anno
1823 2176 1987 2211 MDCC—

1229 2227 1380 2262 xxvtl.
1409 2226 1541 2266 edidit,
1570 2225 1682 2261 amice
1709 2225 1873 2261 referam.

1281 2276 1426 2312 Moleste
1453 2276 1519 2312 fert
1553 2277 1616 2312 ille
1652 2276 1786 2320 primo,
1815 2274 1987 2321 ejusmodi

1230 2327 1427 2374 Rhythrnos
1466 2341 1482 2362 a
1511 2327 1612 2363 nobis
1651 2327 1749 2362 fuisse
1780 2326 1986 2370 produfi‘cos,

1229 2380 1347 2426 quales
1375 2377 1410 2413 in
1443 2377 1555 2413 Mstis
1579 2378 1771 2413 Codicibus
1797 2377 1986 2424 deprehen-

1229 2429 1364 2472 dimus,
1393 2428 1458 2464 hoe
1493 2429 1559 2472 est,
1588 2429 1760 2464 erroribus
1797 2427 1986 2464 scatentes.

1231 2480 1366 2516 Deinde
1393 2493 1455 2515 nos
1484 2479 1619 2528 arguit,
1647 2480 1739 2527 quod
1768 2492 1836 2514 non
1873 2477 1988 2513 Versi-

1230 2532 1292 2568 bus
1320 2530 1512 2575 diffluens,
1541 2530 1595 2567 sed
1623 2530 1826 2567 continuata
1855 2529 1987 2565 cratio-

1900 2592 1943 2615 ne
