2216 3100
261 245 344 287 237
561 226 927 270 DISSERTATJO
968 224 1213 285 ‚QJADRA
1223 223 1460 267 GESIMA:
1679 231 1761 284 253

204 290 293 325 tuli.
322 288 384 325 Sed
407 286 446 324 ἃ
470 285 690 323 Clariffimus
713 284 780 320 Vir
805 287 841 321 P.
862 285 962 320 Mar-
994 292 1030 323 A
1062 282 1238 320 Guazzius
1265 296 1284 318 a
1313 283 1419 317 cauda
1448 283 1577 318 Leonis
1605 284 1655 320 ita
1683 299 1818 322 nuncu-

203 340 359 375 tinaceus
379 336 575 373 Monachus
597 335 844 371 Benedif‘cinus
865 338 960 370 Con-

203 388 415 438 gregationis
441 385 558 421 Sanffl
583 385 704 421 Mauri
730 386 768 421 in
796 387 961 434 Prolego—

202 440 314 474 menis
339 437 380 472 ad
406 436 564 472 divinam
592 436 849 471 Bibliothecam
877 438 958 472 San-

203 488 252 523 &i
281 486 523 532 Hieronymi,
551 487 696 535 prolatis
724 486 895 534 exemplis
922 499 961 521 0-

203 537 327 573 stendit
348 564 358 579 ‚
395 538 432 572 in
468 537 621 573 cantico
656 537 927 572 Deuteronomii
950 563 960 580 ,

204 597 307 635 atque
332 587 369 622 in
391 586 544 623 Threnis
567 587 736 631 Jeremiae
762 586 960 633 Rhythmos

203 652 405 681 occurrere,
430 638 494 674 hoc
520 637 565 672 est
590 637 627 672 in
653 637 721 673 fine
744 648 959 673 commatum

202 702 320 738 parem
342 689 439 724 vocis
459 687 706 724 desinentiam.
723 689 854 723 Verum
877 701 957 723 con-

202 737 403 775 troversiam
430 739 472 773 de
497 739 734 773 Hebraeorum
762 738 855 773 Poefi
881 739 960 774 aliis

203 789 376 837 dimitt03
415 787 561 823 fortaffis
588 789 622 823 &
658 789 696 823 in
733 790 851 835 aliqua
887 789 959 836 eju-

201 838 293 875 sdem
317 839 393 874 loca
415 837 608 874 similitudo
624 852 751 874 vocum
773 839 849 875 casu
863 867 873 883 ‚
890 852 960 874 non

202 899 276 925 arte
302 888 455 938 irrepfit.
493 889 698 925 Praesertim
727 892 811 925 vero
840 890 958 925 barba—

201 939 286 976 ricis
323 940 475 976 saeculis
509 953 584 974 mos
621 940 712 983 fuit,
741 940 958 975 lenocinium

200 989 269 1024 hoc
296 990 363 1024 suis
391 1001 465 1023 tum
494 989 706 1032 Rhythmis‚
731 999 806 1022 tum
832 991 960 1024 Metris

204 1039 408 1088 adjungere.
434 1038 562 1083 Quod,
584 1036 636 1072 uti
663 1037 838 1085 conjicio,
865 1052 957 1086 prae—

202 1089 317 1125 stitere
343 1088 500 1131 indof’u,
539 1097 577 1122 ut
610 1087 665 1122 his
692 1088 813 1123 saltem
844 1089 959 1136 phale—

204 1139 254 1175 ris
292 1138 472 1186 pensarent
523 1137 758 1184 quantitatem
791 1139 914 1184 pedum
944 1152 962 1173 a

201 1188 236 1224 se
263 1188 480 1234 neglefiam:
511 1187 606 1220 doffl
635 1196 774 1229 autem,
803 1197 847 1222 ut
870 1188 954 1221 simi>

201 1237 286 1272 liter
322 1237 481 1271 cadentes
510 1236 635 1270 Versus
672 1235 810 1270 facilius
846 1250 865 1270 a
897 1238 959 1270 Po-

203 1289 288 1336 pulo
318 1287 487 1322 metrorii
522 1285 781 1320 retinerentur.
818 1288 865 1321 Et
894 1286 960 1333 pri—

201 1351 261 1371 mo
286 1337 426 1383 quidem
454 1338 567 1371 levem
596 1335 684 1370 hanc
709 1336 962 1372 modulationis

204 1388 361 1422 umbram
386 1387 576 1422 statuerunt
597 1385 633 1421 in
656 1399 722 1421 una
741 1386 864 1422 Versus
887 1388 955 1432 Syl-

204 1438 282 1473 laba
311 1437 498 1484 postrema,
523 1436 579 1469 cui
607 1435 756 1469 consona
787 1436 875 1470 foret
905 1451 958 1483 po-

204 1487 325 1522 ssrerna
365 1484 627 1532 subsequentis,
663 1494 722 1519 aut
761 1484 948 1532 subsequen

203 1538 294 1574 tium
319 1538 509 1581 Veriuum.
539 1535 760 1582 Quandoque
786 1536 892 1571 etiam
916 1538 963 1571 al-

204 1586 296 1621 terni
325 1586 448 1620 Versus
474 1585 534 1620 fibi
561 1584 830 1630 respondebant.
859 1588 965 1631 Quod

203 1635 228 1671 fi
250 1636 286 1672 in
311 1636 497 1682 amylum
520 1636 692 1670 desinebat
710 1635 856 1680 Versus,
878 1650 962 1672 non-

205 1688 298 1722 nulli
317 1688 522 1722 consuevere
545 1685 721 1733 postremis
738 1686 865 1721 duabus
889 1689 947 1733 Syl

203 1738 292 1773 labis
322 1751 416 1785 pares
447 1737 483 1772 in
513 1736 773 1772 succedentibus
803 1737 964 1774 Versibus

205 1789 398 1823 collocare.
421 1789 580 1834 Denique
602 1800 642 1822 eo
664 1800 714 1822 res
735 1787 880 1822 deduaa
901 1788 965 1829 est,
988 1815 993 1842 3

206 1846 244 1872 ut
282 1838 318 1873 in
357 1837 426 1873 fine
455 1841 580 1872 Versus
613 1836 772 1884 geminae
810 1838 965 1888 integrae
988 1843 992 1851 ’

205 1888 388 1932 Syllabae,
417 1887 438 1920 fi
470 1889 592 1934 longae
621 1887 755 1926 forent,
783 1889 897 1925 literis
927 1903 964 1925 ac

206 1936 322 1972 sonitu
371 1937 614 1984 responderent
653 1937 810 1974 Versibus
854 1939 958 1976 subse·

207 1988 420 2034 quentibus:
462 1999 529 2023 tres
571 1990 654 2023 vero
695 1990 852 2033 Syllabae
891 1991 964 2037 pari

205 2039 311 2072 modo
334 2038 596 2081 responderent,
618 2038 638 2072 s1
663 2040 855 2079 penultima
877 2043 961 2075 Ver-

206 2088 259 2123 sus
289 2089 402 2123 brevis
431 2089 536 2127 effer,
575 2098 613 2124 ut
642 2087 683 2122 est
721 2088 756 2123 in
789 2089 963 2134 Dae-tylo.

206 2141 320 2184 Quem
345 2152 475 2174 morem
498 2152 679 2186 accepere,
696 2139 725 2172 ἆ
749 2139 859 2173 ειάὴιιτ
880 2140 957 2174 reti-

204 2200 289 2225 nent
311 2189 467 2237 vulgaris
484 2188 644 2236 Linguae
665 2188 794 2223 nostrae
820 2191 962 2226 Poetae.

257 2240 381 2274 Versus
410 2250 547 2277 autem,
576 2242 611 2273 in
643 2238 769 2287 quibus
806 2239 872 2274 hoc
901 2254 961 2288 po-

206 2298 363 2335 stremum
392 2290 695 2345 ὁμοιοτέλευτου,
724 2297 791 2334 five
815 2299 962 2340 simsliter

206 2357 316 2384 cadens
355 2355 583 2388 occurrebat,
627 2350 841 2397 praecedenti
883 2350 960 2387 sane

207 2401 360 2447 gratius,
380 2401 416 2436 in
437 2414 532 2435 aures
555 2400 738 2435 hominum
759 2401 959 2446 incurrens,

205 2452 341 2485 Laniui
370 2452 456 2486 olim
494 2452 777 2498 appellabantur.
813 2454 887 2487 Cur
918 2452 960 2488 sic

207 2498 339 2536 fuerint
374 2503 562 2546 appellati,
594 2502 771 2549 ignoravit
809 2504 961 2551 Scaliger

209 2549 338 2585 Poetic.
378 2552 457 2585 Lib.
489 2564 518 2585 2.
554 2553 641 2598 Cap.
675 2564 733 2599 29.
769 2553 960 2601 Stephanus

307 2603 394 2634 Tem.
423 2602 511 2634 VIII.

1063 344 1162 383 patos
1198 333 1316 380 inepte
1355 332 1508 368 censuit.
1548 335 1697 370 Renatus
1734 336 1820 371 Mo-

1065 398 1144 420 reau
1187 385 1347 419 Medicus
1396 382 1585 418 Parifienfis
1627 385 1664 418 in
1711 388 1821 420 Com-

1065 443 1210 470 mentar.
1251 434 1292 469 ad
1335 434 1496 469 Scholam
1539 434 1745 469 Salernitan.
1787 437 1822 469 δε

1066 486 1298 533 Du-Cangius
1328 484 1365 520 in
1402 484 1549 520 Gioss‘ar.
1582 485 1735 523 Latino,
1765 498 1823 520 eos

1064 535 1279 571 arbitrantur
1311 535 1354 577 sie
1386 535 1468 579 som}
1505 547 1715 580 numvpatos,
1744 539 1825 581 quod

1064 587 1187 620 inventi
1211 586 1334 630 fuerint
1359 601 1380 621 a
1407 590 1537 632 quedam
1575 588 1674 619 Leone
1705 589 1824 628 Pom,

1063 637 1117 682 qui
1157 636 1236 671 εἶναι
1277 647 1414 682 tempora
1454 637 1611 671 Ludo-vici
1660 638 1730 670 V1l.
1770 638 1824 669 vel

1065 687 1211 732 Philippi
1237 688 1400 732 Augusti,
1429 690 1553 732 Regum
1589 688 1743 720 francisc
1770 687 1824 720 vi-

1064 737 1131 772 xit.
1153 736 1266 772 Addit
1287 737 1380 771 idem
1404 736 1635 784 Du-Cangius
1650 763 1660 779 ,
1681 736 1768 770 hanc
1788 750 1825 771 e-

1065 788 1151 822 tiam
1169 786 1266 822 fuiffe
1280 786 1485 822 sententiam
1500 787 1664 833 Stephani
1681 786 1825 822 Pascha-

1066 836 1102 872 sii
1124 837 1207 873 Lib.
1232 849 1268 884 7.
1288 836 1377 884 Cap.
1400 849 1432 872 2.
1454 836 1696 883 Disquifition.
1720 839 1827 872 Fran-

1065 888 1168 923 cicar.
1197 888 1258 935 qui
1295 888 1528 935 perelegantes
1566 887 1733 934 quosdam
1761 887 1827 923 hu-

1066 938 1117 984 jus
1146 937 1278 973 Leonis
1319 939 1444 972 Poetae
1481 937 1607 972 Versus
1638 937 1825 982 produxit.

1067 989 1105 1021 In
1133 987 1288 1022 eamdem
1328 1000 1467 1035 quoque
1502 987 1709 1031 opinionem
1740 1000 1825 1022 con-

1067 1036 1162 1072 ceffit
1209 1037 1436 1073 Dffi’ciffimus
1485 1037 1740 1085 Papebrochius
1789 1037 1827 1072 in

1069 1086 1149 1122 A&
1177 1088 1330 1123 Sanfiior.
1360 1089 1399 1123 ad
1437 1088 1531 1124 diem
1570 1090 1596 1123 Ι.
1631 1088 1756 1131 Ῑιιηὶἰ,
1788 1088 1826 1123 ἱη

1067 1139 1152 1172 Vita
1181 1137 1385 1174 Sanfstorum
1425 1138 1589 1174 Gratiani
1620 1141 1654 1173 δ(
1683 1138 1826 1182 felini,

998 1193 1028 1225 C
1066 1188 1255 1223 arbitratus
1282 1189 1475 1230 duntaxat,
1503 1192 1546 1222 ad
1566 1189 1721 1233 summam
1753 1200 1826 1232 per-

1062 1236 1224 1277 sefflonem
1252 1238 1417 1271 adduE'tos
1447 1237 1544 1273 fuisse
1571 1252 1629 1273 eos
1655 1238 1780 1274 Versus
1809 1252 1828 1275 a

1067 1287 1187 1319 Leone
1215 1285 1356 1321 Gallico
1387 1288 1491 1322 Peeta
1513 1290 1656 1323 Saeculo
1687 1289 1830 1324 Duode-

1068 1334 1182 1369 cimo.
1208 1337 1254 1369 Et
1281 1335 1436 1380 profe&-
1464 1338 1632 1384 Aegidius
1659 1339 1830 1373 Parifien-

1067 1384 1106 1419 fis
1131 1385 1220 1431 apud
1249 1384 1515 1420 Du-Chesnium
1545 1389 1663 1421 Tomo
1688 1389 1828 1433 Quinto

1068 1434 1233 1481 Scriptor.
1258 1437 1377 1470 franc.
1404 1449 1479 1484 pag.
1507 1448 1590 1483 323.
1620 1436 1713 1472 inter
1739 1439 1827 1473 alios

1071 1486 1190 1520 poetas
1219 1484 1269 1520 sui
1298 1487 1487 1532 temporis,
1515 1487 1581 1521 hoc
1609 1487 1654 1523 est
1681 1490 1722 1523 ab
1752 1491 1831 1523 An-

1066 1548 1112 1570 no
1135 1535 1309 1572 MCXCI.
1335 1537 1376 1571 ad
1400 1538 1649 1573 Mcxcvnl.
1674 1551 1831 1575 comme-

1067 1596 1203 1622 morat:

1117 1664 1182 1697 Nec
1217 1662 1320 1696 minus
1357 1661 1390 1697 in
1422 1661 1520 1708 sacris
1555 1663 1661 1698 melico
1690 1664 1828 1709 sermone

1168 1716 1301 1747 Leonem

1117 1764 1292 1796 Ludenrem
1317 1763 1450 1805 bastorit's
1467 1789 1477 1799 .

1118 1836 1214 1872 Idem
1243 1845 1359 1872 autem
1386 1837 1448 1872 ille
1473 1837 1540 1881 est,
1565 1837 1626 1885 qui
1655 1839 1830 1876 Du-Can-

1067 1885 1147 1935 gio,
1193 1900 1231 1922 ac
1280 1888 1518 1934 papebrochio
1560 1889 1741 1933 landatur,
1789 1901 1827 1927 ut

1067 1937 1212 1985 proinde
1233 1951 1303 1972 non
1323 1937 1415 1973 reRe
1437 1938 1548 1974 veluti
1570 1940 1722 1975 diversos
1742 1943 1828 1976 Ροὲ-

1066 1998 1118 2024 tas
1156 1988 1256 2023 hosce
1285 1989 1417 2027 nutarit
1455 1991 1666 2037 polycarpus
1698 1991 1827 2037 Leyse-

1066 2051 1122 2074 rus
1164 2038 1201 2072 in
1244 2038 1374 2073 Histor.
1418 2041 1551 2074 Poe-rar.
1595 2041 1686 2076 medi
1732 2042 1825 2078 aevii

1039 2089 1162 2123 ⁹num.
1199 2099 1258 2134 79.
1295 2089 1328 2122 ὅ(
1366 2101 1426 2136 95.
1455 2090 1681 2127 Dostiffimus
1714 2106 1826 2139 quon-

1066 2139 1145 2173 dam
1174 2151 1307 2174 amlcus
1344 2152 1439 2175 meus
1479 2144 1520 2175 D.
1548 2142 1679 2190 Gaspar
1706 2145 1826 2178 Beret-

1067 2199 1121 2224 tus
1153 2189 1422 2234 Emedifflnus,
1461 2190 1592 2239 saepius
1631 2193 1717 2228 rmhi
1758 2195 1822 2229 hoc

1066 2240 1103 2275 in
1130 2241 1242 2287 Opere
1271 2240 1451 2281 laudatus,
1471 2242 1513 2277 de
1540 2243 1710 2278 Leoninis
1737 2246 1822 2279 Ver-

1066 2290 1153 2325 fibus
1184 2291 1284 2325 verba
1322 2290 1407 2326 fecit
1435 2292 1471 2327 in
1514 2295 1748 2340 prolegomen.
1778 2293 1820 2329 ad

1066 2342 1240 2377 Tabulam
1277 2341 1621 2391 Chorograpfflcam,
1649 2356 1750 2390 quam
1785 2357 1822 2379 e-

1065 2392 1140 2428 didi
1177 2394 1296 2428 Tomo
1334 2395 1374 2428 X.
1411 2396 1536 2429 Rerum
1579 2394 1727 2428 italicar.
1766 2393 1820 2430 lbi

1067 2456 1162 2479 num.
1189 2446 1247 2479 62..
1286 2457 1359 2491 pag.
1392 2457 1471 2491 117.
1509 2443 1642 2481 censet,
1667 2444 1822 2478 Leoninos

1067 2494 1175 2538 Versus
1202 2495 1239 2529 in
1268 2495 1372 2529 Italia
1399 2509 1455 2528 wx
1480 2494 1544 2540 post
1571 2496 1822 2529 Normannorum

1063 2547 1237 2580 adventum
1262 2546 1397 2590 componi
1421 2543 1564 2590 cocp1ffe,
1584 2544 1649 2579 hoc
1673 2544 1717 2579 est
1741 2547 1821 2581 Sae-

1118 2605 1150 2638 R
1689 2604 1770 2639 culo
