2216 3100
295 166 377 206 233

237 208 318 245 loco
355 206 473 256 (quod
500 204 578 240 sane
614 202 742 238 merito
778 201 916 249 opinari
950 203 991 238 li·
1032 207 1061 239 A

237 270 315 301 cet,
345 256 504 304 alioquin
544 253 573 289 is
614 254 713 298 prima
748 265 818 288 non
857 255 994 298 primum

237 309 403 355 dixisset)
428 304 555 341 rideret
577 303 662 346 ille,
689 314 798 350 pum,
824 315 915 338 nunc
944 303 994 338 vi·

239 360 320 396 dens
345 359 381 394 in
404 353 573 403 ejusmodi
599 353 843 389 emendatione
865 353 897 388 se
918 367 997 389 coa-

239 410 334 446 &um
362 407 535 455 appellare
560 405 694 450 primum
723 407 901 451 Marfyrem
926 417 995 440 non

239 459 371 501 semel,
399 456 453 492 sed
484 457 535 491 bis
563 457 774 501 Stephanum.
811 454 889 490 Cur
916 468 997 501 ergo

239 523 309 545 non
339 508 443 544 liceat
471 505 508 542 ἃ
537 506 626 541 mihi
655 505 790 541 versum
817 504 919 541 illurn
950 507 993 541 le-

239 559 332 595 viori
362 557 603 594 additamento
626 556 824 600 restituere,
848 569 888 592 ac
916 555 998 592 scri-

241 609 342 646 bere?
562 627 564 629 >

290 687 350 722 Ab
375 685 500 719 Oriente
526 685 617 719 babes
641 684 777 730 primum
804 697 877 719 nam
903 686 999 719 Mar-

340 747 440 783 tyrem
466 736 678 780 Stephanum.

241 811 393 857 Quando
430 811 550 847 luxata
587 811 656 847 offa
692 811 889 860 reponenda
923 810 1001 846 heic

244 862 433 902 sumimus,
458 861 562 898 satius
590 862 634 897 est
662 875 778 897 curam
804 863 1002 908 complere,

242 914 348 961 quam
377 926 468 948 nova
496 912 623 947 inferre
660 913 828 947 vulnera.
857 913 1003 947 Duobus

245 964 338 999 enim
357 962 531 998 verficulis
553 961 707 997 constant
723 961 846 997 horum
866 962 1005 1008 Rhyrh-

247 1026 383 1049 morum
410 1011 544 1048 versus:
568 1024 716 1059 quorum
745 1011 875 1060 primus
899 1012 1005 1056 080,

245 1065 334 1099 alter
352 1062 484 1110 septem
507 1062 656 1108 Syllabis
678 1062 884 1110 expeditur,
905 1063 1005 1098 dum-

247 1114 352 1149 modo
361 1113 495 1161 legibus
505 1112 855 1147 communibusillius
868 1112 1006 1157 Rhyth-

246 1163 296 1198 mi
326 1171 500 1209 pareatur.
524 1162 558 1196 Si
587 1165 848 1206 protomartyrem
869 1163 1003 1204 Stepha-

245 1226 319 1247 num
358 1211 529 1258 legimus,
567 1211 659 1245 ultra
701 1219 809 1245 metas
846 1219 1036 1260 excurret¹

245 1262 463 1309 Syllabarum
507 1273 694 1296 numerus:
740 1260 883 1308 aequius
924 1274 1006 1310 ergo

245 1314 445 1360 suppleatur
488 1310 667 1346 scribendo
709 1325 781 1345 nam
829 1314 1008 1352 Martyrem

246 1363 459 1408 Stephanum.
489 1362 550 1396 Sed
583 1361 666 1409 quid
704 1361 782 1397 heic
810 1361 888 1409 ajo?
918 1365 1007 1398 Cae-

248 1414 422 1450 cutiamus
451 1412 579 1447 neceffe
606 1412 651 1446 est
679 1412 716 1447 in
749 1412 1007 1448 barbaricorum

249 1473 445 1511 temporum
491 1462 627 1507 scriptis
678 1462 929 1506 emendandis,
971 1477 1009 1499 ac

249 1528 320 1550 non
349 1527 425 1548 raro
452 1513 634 1551 fallemur,
658 1513 797 1560 quoties
826 1513 1009 1550 Librariu-

249 1577 326 1601 rum
355 1564 509 1599 incuriae
547 1576 583 1597 ac
621 1563 841 1611 ignorantiae
878 1565 1011 1601 tribue-

250 1628 326 1651 mus
368 1614 483 1656 vitia,
513 1627 599 1660 quae
636 1613 715 1656 ipfis
753 1613 905 1650 indoffis
936 1618 1011 1652 Au-

251 1665 406 1702 &oribus
432 1664 508 1699 sunt
537 1664 739 1700 tribuenda.
761 1666 871 1702 Metri
897 1667 1011 1716 leges,

251 1716 318 1752 hoc
360 1715 404 1750 est
451 1715 666 1761 Syllabarum
719 1728 898 1753 numerum
918 1745 928 1761 ,
974 1718 1012 1754 in

254 1766 402 1802 verfibus
442 1766 534 1801 hisce
574 1765 801 1811 Rhythmicis
840 1768 1012 1816 neglefflas

255 1817 429 1852 cernimus
447 1842 454 1850 .
483 1816 575 1860 Qsis
603 1826 714 1851 certos
743 1831 804 1853 nos
843 1818 928 1854 facit
955 1820 1011 1855 de-

255 1866 393 1913 liqwffe
422 1866 623 1901 Librariuun
653 1867 790 1914 potius,
821 1871 923 1916 quam
955 1884 1012 1905 eo-

252 1930 329 1952 rum
376 1915 594 1952 Aufi‘cvrem?
637 1917 762 1966 Aspice
805 1919 884 1956 illic
926 1922 1014 1957 alios

255 1967 370 2003 versus
398 1980 580 2003 enormes:

304 2043 530 2084 Prarursorern
555 2044 732 2084 Baeptx'liam
744 2046 947 2090 sobannem,
970 2046 1015 2084 &

357 2096 534 2141 Martyrem
563 2096 764 2139 Nazarium.

304 2147 506 2188 Mammam,
535 2146 777 2184 Andronicum,
807 2145 852 2183 &
881 2147 1016 2182 Probum

357 2209 421 2229 cum
450 2195 665 2241 quadraginta
693 2197 919 2235 martyribus.

304 2244 506 2292 Temporibus
534 2246 737 2291 Principum,
765 2251 890 2296 Regum
925 2248 1014 2290 Defi—

355 2296 437 2330 deris·
464 2297 506 2331 (9¹
533 2297 688 2332 „Adelchis
705 2324 713 2333 .

259 2373 401 2407 ceteros
427 2371 579 2408 omitto.
602 2373 761 2409 Similem
791 2374 955 2411 habemus
979 2375 1016 2412 in

258 2421 449 2462 Epitaphio
469 2422 610 2459 Pacifici
630 2424 883 2462 Archidiaconi
896 2452 906 2467 ‚
923 2427 1014 2475 quod

256 2479 374 2506 tamen
418 2486 459 2508 ex
503 2486 675 2512 marmore
717 2476 879 2526 expreffit
919 2477 1015 2516 idem

260 2519 425 2559 Marchio
451 2524 636 2572 Maffejus:

595 143 963 188 DISSERTATJO
997 143 1493 200 ‚QUADRAGAESmrAa

1717 168 1800 206 234

1150 227 1289 271 Septimo
1318 227 1463 266 Vicesimo
1499 231 1612 266 aetatis
1648 236 1748 269 Anno
1776 238 1858 270 Cae-

1198 279 1282 322 saris
1310 278 1474 313 Lotbarii.

1104 353 1327 389 scribendum
1357 363 1471 389 autem
1499 364 1621 390 monet
1645 358 1861 395 Clariffimus

1105 404 1269 439 Marchio
1296 405 1332 439 in
1361 404 1580 441 Mabillonio
1601 409 1766 442 Adclcbiis
1795 410 1863 455 (an

1107 456 1232 490 melius
1261 456 1467 503 Adelch1‹.>)
1497 466 1534 491 ut
1561 456 1592 490 8(
1633 458 1718 492 alibi
1747 461 1867 503 Βιρέἑ-

1103 506 1217 550 [mium
1246 504 1282 541 ἃ
1309 509 1510 540 Ravennia:
1537 506 1723 553 Dafflylurn
1749 510 1840 544 enim
1857 538 1866 551 ,

1110 566 1170 592 aut
1207 556 1417 596 Creticum,
1454 567 1514 592 aut
1556 559 1786 604 Anapaestum
1831 561 1867 595 in

1111 606 1180 642 fine
1207 606 1353 654 exigunt
1382 607 1418 642 id
1445 621 1551 655 genus
1590 609 1784 654 Rhyclzmi.
1815 612 1868 646 Ira

1049 657 1077 691 B
1112 657 1213 692 sane.
1250 657 1313 692 Sed
1355 657 1466 692 adhuc
1508 658 1681 694 incertum
1719 659 1790 701 est,
1827 674 1869 696 aa

1113 709 1268 756 vulgares
1297 720 1416 743 eorum
1448 717 1643 756 temporum
1674 709 1871 756 Rhythmo-

1113 759 1205 807 poeji
1226 769 1297 794 tam
1325 758 1486 806 religiose
1507 759 1598 795 hisce
1624 760 1760 808 legibus
1787 775 1871 796 con-

1111 809 1229 857 stringi
1259 809 1290 844 se
1318 808 1488 844 sinerent.
1516 810 1614 855 Quid
1640 810 1769 846 saelum
1799 811 1872 848 fue-

1111 862 1157 895 rit
1183 861 1220 894 in
1247 860 1463 904 Syllabarum
1492 861 1736 897 observatione
1764 876 1872 910 nuper

1111 910 1282 945 vidimus.
1315 910 1486 958 Vopiscus
1513 910 1619 947 etiarn
1647 911 1683 947 in
1708 914 1873 948 Aurelia-

1111 974 1157 996 no
1185 961 1376 996 militarem
1407 961 1628 1007 Rhythmum
1660 961 1787 1008 refert,
1816 962 1872 999 hi·-

1111 1011 1164 1047 sce
1193 1010 1308 1047 verbis
1335 1023 1566 1059 conceptum:

1162 1088 1283 1130 Mille,
1312 1087 1420 1131 mille,
1446 1088 1552 1128 mille,
1575 1088 1683 1134 mille,
1708 1089 1795 1124 mille
1818 1090 1873 1124 de—

1215 1139 1400 1172 collavimus
1411 1164 1420 1172 .

1163 1190 1250 1220 Unus
1276 1187 1362 1220 homo
1388 1188 1496 1232 mille,
1523 1189 1630 1230 mille,
1657 1190 1746 1225 mille
1771 1190 1874 1226 decol-

1215 1236 1377 1271 lavimus.

1164 1286 1286 1328 Mille,
1314 1286 1420 1326 mille,
1448 1288 1534 1322 mille
1560 1289 1680 1334 vivat,
1707 1291 1762 1337 ‘jus'
1791 1291 1878 1325 mille

1214 1336 1346 1371 otct'dit.

1165 1389 1305 1421 Tantum
1340 1386 1415 1421 vim*
1449 1387 1542 1423 babet
1570 1388 1734 1435 (fortaffe
1769 1390 1876 1439 bibit)

1216 1451 1322 1481 nemo,
1350 1448 1501 1484 quantum
1524 1439 1613 1482 fudit
1633 1441 1826 1488 sanguinis.

1032 1139 1033 1144 ,
1043 1108 1077 1144 C

1091 1514 1169 1549 .Ita
1211 1512 1407 1549 scribendos
1450 1527 1508 1549 eos
1549 1514 1666 1551 versus
1707 1526 1821 1564 puto,
1859 1529 1879 1552 e

1037 1554 1241 1615 ,D:quibus
1279 1564 1425 1608 tertius,
1463 1564 1515 1600 uti
1556 1565 1717 1606 videtur,
1755 1574 1878 1602 contra

1115 1617 1207 1663 leges
1235 1615 1410 1650 clauditur
1435 1616 1541 1650 verbo
1569 1616 1696 1652 occidit.
1725 1619 1778 1652 At
1803 1619 1880 1653 He-

1115 1665 1266 1701 xametri
1304 1679 1443 1714 quoque
1480 1666 1656 1702 interdum
1695 1680 1765 1702 non
1804 1670 1877 1703 Da-

1117 1716 1236 1762 &ylm
1262 1716 1316 1751 sed
1346 1716 1526 1753 Soondaeo
1551 1718 1760 1753 clauduntur
1787 1717 1878 1765 apud

1118 1768 1279 1803 meliores
1311 1769 1452 1802 poetas.

1168 1818 1274 1862 Quod
1303 1817 1347 1852 est
1373 1818 1415 1853 ad
1445 1817 1664 1864 Rhythmum
1692 1819 1730 1852 de
1753 1818 1880 1853 Laudi-

1117 1867 1174 1903 bus
1204 1868 1386 1902 Mediolani
1412 1881 1429 1903 a
1459 1882 1513 1904 me
1541 1868 1698 1912 editum,
1724 1868 1881 1905 doffiffi-

1119 1932 1195 1955 mus
1226 1918 1359 1954 Censor
1395 1919 1644 1966 conqueritur,
1672 1920 1765 1967 quod
1804 1932 1881 1967 pra-

1095 2003 1097 2016 Ι
1121 1983 1162 2005 ve
1188 1969 1379 2017 descriptus
1405 1969 1510 2006 fuerit
1530 1984 1572 2005 ex
1594 1970 1788 2019 pervetusto
1809 1973 1883 2006 Co-

1058 2017 1097 2049 E'
1121 2020 1197 2055 dice
1226 2019 1435 2055 Veronenfi:
1466 2020 1592 2068 quibus
1632 2022 1745 2057 verbis
1774 2020 1882 2057 tacite

1095 2060 1338 2115 limperitiam
1366 2071 1518 2120 objicere
1555 2071 1696 2107 videtur
1727 2070 1883 2107 doffiffi-

1122 2134 1181 2156 mo
1219 2121 1309 2157 Viro
1350 2122 1622 2158 Bartholomaeo
1659 2124 1882 2171 Campagno-

1121 2173 1196 2215 lae,
1223 2171 1385 2220 Capituli
1415 2173 1677 2210 Canonicorum
1701 2176 1882 2208 Veronen-

1122 2222 1204 2257 fium
1235 2223 1481 2266 cancellario,
1509 2225 1542 2260 &
1572 2237 1663 2260 nunc
1697 2224 1733 2258 in
1762 2224 1882 2258 eadem

1124 2274 1217 2309 Urbe
1248 2273 1563 2323 Archipresbytero
1601 2273 1771 2310 Ecclesiae
1798 2275 1885 2308 San-

1122 2324 1197 2360 &ae
1222 2323 1427 2370 Caeciliae,
1453 2339 1471 2361 a
1493 2340 1563 2373 quo
1591 2324 1802 2371 Opusculum
1825 2323 1885 2360 de-

1122 2375 1312 2423 scriptum,
1340 2386 1444 2425 atque
1472 2378 1512 2412 ad
1542 2389 1595 2411 me
1626 2374 1761 2409 miffurn
1795 2373 1884 2410 fuit,

1039 2455 1047 2520 ι
1091 2426 1185 2528 ISed
1217 2427 1366 2467 mirum,
1393 2427 1473 2474 quei
1503 2426 1558 2461 vir
1584 2424 1717 2472 alioqui
1753 2423 1884 2472 perspi-

1123 2476 1317 2527 caciffirnus
1344 2490 1417 2514 non
1443 2486 1523 2514 ante
1558 2475 1672 2512 secum
1699 2485 1886 2534 reputave-

1759 2534 1831 2571 nt,
